4509 5875
556 675 623 726 100
1035 653 1098 720 sa.
1122 653 1152 720 s.
1179 649 1443 729 usmsumt
1478 615 1482 621 ’

603 833 749 945 Neque
769 857 866 914 vero
892 830 1055 912 silentio
1073 829 1379 940 pretermissas
1396 849 1580 938 mm,
1597 827 1752 936 Regem
1768 831 1934 938 Augus,

550 958 749 1040 tissimum
768 970 1005 1063 promptum
1022 979 1183 1063 semper
1194 952 1247 1037 sd
1262 953 1549 1062 justissirium
1567 952 1673 1034 votis
1693 952 1932 1036 satisfacien-

549 1079 671 1182 dum,
695 1103 828 1185 nuper
851 1075 1102 1180 admodum,
1132 1103 1289 1158 norum
1318 1074 1569 1166 liberalitatis
1596 1074 1842 1184 exemplum,
1859 1101 1931 1160 cx·

548 1200 727 1282 bibuisse
746 1201 793 1280 in,
810 1197 1062 1280 nominando
1089 1197 1298 1281 literarum
1315 1195 1563 1288 Gallimrum
1575 1213 1822 1306 preceptore
1845 1223 1934 1282 eru·

429 1371 431 1378 ·
550 1322 771 1424 ditissimo,
790 1322 862 1430 qui
887 1347 973 1406 non
995 1321 1131 1403 minus
1158 1317 1214 1400 ob
1232 1319 1358 1402 animi
1381 1320 1618 1430 ingeniique
1646 1315 1763 1401 dotes
1792 1319 1930 1409 existi·

549 1445 756 1546 macione,
790 1443 874 1553 qut
888 1443 964 1524 >his
989 1443 1033 1525 in
1061 1439 1364 1568 terrisgaudet,
1389 1469 1433 1524 se
1459 1440 1632 1548 fflfflum
1653 1440 1846 1526 reddidit

601 1715 807 1796 Habemus
835 1729 1025 1823 praeterea
1043 1715 1151 1794 iuter
1178 1741 1255 1796 nos
1274 1715 1509 1820 linguarum
1526 1714 1824 1814 reoentiorum,
1842 1714 1929 1792 An·

549 1836 674 1942 glise,
695 1839 951 1918 Germanicas
968 1853 1009 1918 et
1021 1836 1192 1943 belgicis
1209 1839 1450 1944 megimtuns
1475 1834 1813 1928 munimus,
1843 1855 1930 1942 quo

532 1961 611 2038 vuti
640 1985 751 2039 nunc
770 1985 937 2070 quoque
968 1961 998 2040 ii
1028 1977 1220 2070 pomum,
1249 1961 1324 2069 qui
1360 1959 1550 2042 nondum
1573 1960 1670 2039 setis
1697 1974 1796 2038 sunt
1815 1983 1934 2038 exer·

551 2081 660 2160 citati
691 2081 742 2160 ad
770 2081 1082 2192 trequentsndss
1113 2084 1306 2164 lectiones
1344 2108 1470 2192 super
1504 2079 1649 2162 Liberis
1680 2079 1852 2186 Belgicis
1886 2080 1932 2158 in

550 2202 765 2285 Academia
794 2203 1011 2286 habendes.
1729 2206 1737 2218 '

605 2443 707 2544 Quae
729 2443 852 2550 igitur
875 2469 969 2522 cum
989 2445 1045 2523 ita
1066 2445 1168 2547 sint,
1181 2441 1400 2524 Auditores
1427 2441 1754 2544 honoratissimi,
1773 2442 1930 2550 perspi·

552 2590 676 2644 cuum
704 2581 785 2665 est,
814 2567 1038 2646 Acsdemiae
1055 2584 1202 2646 nostrse
1219 2565 1527 2675 prosperimtem
1549 2565 1716 2647 nonnisi
1735 2563 1788 2644 ub
1807 2565 1935 2650 unitis

403 2701 405 2708 '
552 2688 702 2766 nostris
731 2688 874 2768 studiis
901 2715 947 2766 sc
967 2686 1177 2769 laboribus
1202 2688 1404 2797 pendere,
1424 2688 1599 2799 quibus,
1618 2703 1666 2769 ut
1677 2688 1824 2771 merito
1842 2686 1937 2772 licet

432 2910 437 2916 .
552 2811 761 2914 augurari,
797 2811 1059 2890 consecuturi
1072 2838 1214 2917 sumus
1234 2811 1588 2892 etaestimstionem
1603 2809 1819 2922 equalium
1840 2835 1939 2920 quo·

552 2958 727 3039 rumque
744 2928 1070 3021 doctissimorum
1085 2938 1126 3009 et
1150 2931 1444 3041 discipulorum
1460 2958 1642 3015 amorem
1658 2951 1708 3013 et
1718 2931 1938 3017 ommam

551 3052 670 3153 tiam,
689 3050 915 3157 gratiasque
943 3050 987 3127 in
1017 3068 1262 3154 perpetuum
1286 3081 1428 3125 snmus
1455 3053 1565 3152 apud
1584 3076 1730 3127 corum
1751 3065 1940 3157 pmentcs

552 3173 704 3251 inituri.
739 3172 882 3280 Neque
916 3186 1051 3247 tamen
1093 3166 1180 3247 fieri
1219 3182 1372 3275 potest,
1400 3184 1448 3246 ut
1486 3167 1805 3281 uniuscujusque
1833 3171 1940 3251 votis

553 3290 845 3373 satislsciamus.
870 3292 919 3371 ln
936 3290 1080 3396 magni
1090 3289 1263 3394 scilicet,
1280 3290 1362 3399 qni
1378 3282 1580 3371 utendum
1595 3317 1683 3371 esse
1703 3290 1935 3395 videbatur,

552 3412 835 3529 indulgentiis,
862 3430 909 3495 ut
925 3410 1250 3493 adolescentibus
1271 3411 1414 3492 subtili
1440 3430 1483 3492 et
1501 3414 1686 3495 accurati
1704 3413 1937 3523 disciplina·

554 3563 657 3639 rum,
671 3537 901 3642 cognitione
919 3533 1086 3616 imbutis
1103 3534 1358 3617 vernaculam
1375 3537 1419 3615 in
1437 3536 1693 3617 criminibus
1711 3528 1938 3643 usurpanti

555 3658 714 3739 veniam
736 3658 1025 3763 tribueremus,
1052 3655 1191 3739 deesse
1210 3685 1298 3757 uon
1323 3660 1480 3765 potuit,
1512 3659 1617 3767 quin
1640 3658 1699 3741 iu.
1716 3657 1936 3765 reprebeno

551 3781 712 3859 sionem
729 3781 1028 3861 incurreremus
1045 3782 1296 3861 severiorum
1320 3779 1478 3888 aliquot
1496 3778 1835 3863 scholasticorum.
1868 3782 1938 3864 Fa·

499 3954 504 3965 .
553 3901 724 3983 tendum
735 3900 1277 4011 quidemestsevcritateilli,
1285 3927 1369 4010 qua
1386 3902 1430 3979 in
1443 3928 1581 3981 rernm
1594 3902 1775 4010 ipserum
1795 3905 1935 4011 cogni·

554 4026 666 4105 tione
694 4023 878 4103 accurati
904 4021 1167 4130 dijudicanda
1203 4023 1267 4101 uti
1305 4025 1609 4128 censuerim,
1641 4026 1838 4135 cujusque
1875 4026 1935 4105 rei

554 4146 754 4225 rationem
772 4141 944 4224 reddere
962 4142 1160 4223 debemus
1181 4160 1223 4223 et
1241 4145 1401 4225 numini
1424 4169 1616 4255 supremo
1634 4158 1682 4229 et
1698 4145 1937 4233 maesti

555 4286 597 4349 ct
614 4266 760 4348 nostes
785 4268 968 4377 ipsorum
989 4268 1263 4369 conscientie,
1278 4270 1486 4349 severitate
1503 4268 1572 4349 ills
1589 4267 1703 4372 diso,
1720 4286 1763 4353 et
1778 4270 1940 4377 inpos.-

547 4408 690 4473 ,tcrum
715 4415 874 4499 semper
891 4392 1134 4479 contractum
1157 4418 1297 4473 sumus
1322 4391 1763 4500 reprehensiones
1780 4390 1934 4479 offenso

558 4540 695 4595 amore
718 4513 884 4623 proprio
907 4530 1037 4593 omum
1058 4513 1241 4622 illorum,
1257 4516 1332 4625 qui
1358 4517 1403 4597 in
1437 4513 1604 4598 andeoli
1623 4516 1841 4601 inunum
1859 4513 1931 4597 fst-
