4509 5875
521 660 807 733 RESPONSIO
831 663 900 732 ΑΙ)
922 661 1106 750 QUAEST.
1129 660 1403 763 rumitant.
1627 664 1670 735 ah

302 873 349 938 ut
370 881 532 937 causam
563 861 766 964 gravitatis
792 860 1001 969 physicam
1024 862 1262 969 praedicant,
1293 856 1437 941 nullus
1457 862 1591 941 tamen
1614 880 1676 943 est

302 982 391 1090 qai,
408 1008 494 1060 non
513 982 648 1063 dicam
675 1000 864 1089 exponat,
886 984 959 1062 sed
980 988 1183 1091 concipiat
1204 988 1404 1065 actionem
1425 988 1608 1095 corporis
1630 988 1693 1064 in.

302 1103 531 1183 distantiam
544 1120 653 1203 ,aut
677 1107 785 1182 vires
807 1128 984 1212 quarum
1006 1130 1085 1211 ope
1112 1132 1283 1211 corpora
1312 1132 1354 1185 se
1373 1126 1525 1188 mutuo
1551 1124 1672 1187 attra-

301 1226 418 1327 hant,
441 1242 511 1305 aut
534 1224 679 1305 habeat
702 1224 879 1333 physicae
909 1226 1169 1304 attractionis.
1183 1225 1317 1304 ideam
1350 1227 1580 1308 distinctam
1609 1230 1674 1309 vel

300 1350 421 1426 ctiam
442 1347 682 1427 confusam:
703 1362 881 1425 attamen
899 1349 986 1455 ipse
1004 1349 1283 1454 gravitationis
1308 1346 1473 1429 eiiectus
1496 1350 1677 1429 denomi-

298 1470 464 1548 natione
486 1471 620 1579 aliqui
647 1471 820 1578 exprimi
851 1467 1017 1570 debuit,
1038 1489 1080 1547 et
1103 1471 1235 1569 hunc,
1253 1498 1338 1547 non
1356 1488 1491 1549 autem
1516 1498 1681 1553 eausam·

299 1590 420 1699 hujus
438 1591 647 1701 physicam
668 1593 844 1673 Newton
853 1592 1050 1699 expressit
1072 1616 1148 1699 per
1170 1616 1313 1669 vocem
1331 1595 1597 1697 attractionis;
1616 1594 1683 1677 di«,

301 1715 357 1791 cit
375 1718 512 1809 enim:
538 1745 559 1788 a
576 1740 695 1793 voces
714 1716 975 1825 attractionis,
995 1713 1196 1821 impulsus
1213 1713 1278 1793 vel
1297 1717 1581 1823 propensionis
1602 1739 1675 1795 cu·

296 1834 538 1945 juncumque
555 1839 600 1915 in
619 1854 823 1936 centrum,
840 1862 918 1945 pro
943 1862 987 1919 se
1003 1852 1149 1915 mutuo
1171 1848 1346 1944 usurpo,
1374 1837 1444 1916 has
1463 1839 1569 1917 vires
1590 1866 1700 1917 non·-

299 1957 465 2066 physioe
488 1960 561 2039 sed
580 1961 859 2042 mathematice
883 1971 1041 2040 ta'ntmn
1070 1957 1377 2041 considerando.
1401 1959 1520 2040 Unde
1541 1978 1681 2041 caveat·

299 2079 442 2179 lector,
460 2108 513 2162 ne
538 2082 615 2191 per
631 2082 866 2192 hujusmodi
893 2110 1015 2163 voces
1036 2086 1202 2189 cogitet,
1221 2104 1287 2161 me
1310 2084 1485 2190 speciem
1502 2084 1565 2163 vel
1587 2110 1680 2162 mod

257 2222 263 2231 ·
299 2200 400 2281 dum
419 2204 609 2306 actionis,
629 2234 841 2295 causamve
871 2224 942 2286 aut
958 2207 1160 2287 rationem
1179 2204 1388 2313 physicam
1406 2204 1554 2285 alicubi
1578 2204 1677 2283 defi-

302 2326 409 2428 nire,
426 2326 492 2405 vel
505 2330 653 2407 centris
670 2332 777 2407 vires
794 2356 889 2407 vere
903 2347 945 2407 et
961 2330 1127 2435 physice
1139 2327 1336 2426 tribuere,
1347 2330 1380 2405 si
1391 2326 1494 2406 forte
1505 2342 1574 2406 aut
1584 2353 1676 2404 cen-

178 2434 181 2440 ’
303 2462 413 2527 trum
429 2448 587 2561 trahere
601 2467 671 2530 aut
690 2450 796 2529 vires
810 2467 1044 2533 centrorum
1062 2475 1147 2530 esse
1163 2446 1336 2529 dixerim
1357 2449 1424 2557 (1)ss
1445 2482 1465 2523 u

352 2657 528 2755 Proinde
546 2661 721 2741 Newton
740 2667 824 2739 no'n
843 2661 973 2765 magis
993 2659 1277 2739 determinavit
1295 2681 1454 2737 causam
1474 2657 1685 2764 physicam,

302 2778 365 2857 vis
379 2781 615 2887 >estrimes
634 2804 854 2889 corporum
878 2780 1122 2882 coelestium,
1139 2804 1446 2893 quam'causam
1473 2776 1680 2887 physicam

300 2902 363 2979 ris
380 2902 617 2997 centrifngm
639 2902 907 2996 eorumdem3
945 2919 986 2980 et
1005 2902 1100 2985 ideo
1124 2903 1361 2982 inconcussa
1387 2901 1570 2981 manebit
1595 2899 1680 3008 ejus

276 3034 280 3045 ’
304 3019 512 3119 doctrina,
536 3040 804 3126 quaecumque
826 3023 944 3093 etiam
974 3042 1095 3093 causa
1119 3025 1392 3120 gravitationis
1413 3025 1457 3096 in
1473 3041 1681 3125 posterum

305 3141 536 3224 inveniatur
559 3155 634 3218 aut
660 3153 925 3246 supponatur.

359 3300 596 3379 Generatim
605 3315 651 3377 ut
661 3295 895 3406 hypothesis
907 3321 1172 3406 quaecumque
1182 3295 1347 3376 tolerari
1360 3287 1506 3405 possit,
1521 3313 1681 3377 necesse

307 3439 387 3525 est,
411 3438 459 3501 ut
480 3418 650 3500 sufficiat
670 3418 722 3496 ad
750 3417 968 3525 perfectam
982 3417 1345 3527 phaenomenorum
1370 3447 1548 3530 quorum
1566 3447 1683 3498 causa

307 3546 543 3642 assumitur,
562 3539 889 3648 explicationem,
901 3559 949 3619 ut
964 3541 1067 3620 nulii
1080 3543 1248 3620 omnino
1260 3541 1508 3622 contradicat
1522 3542 1601 3647 legi
1611 3568 1681 3618 na·

307 3683 430 3765 turae,
451 3681 500 3744 ut
524 3692 567 3743 se
587 3660 844 3742 commendet
868 3689 942 3769 per
962 3662 1258 3771 simplicitatem
1280 3680 1325 3742 et
1344 3662 1567 3769 analogiam
1588 3689 1682 3742 cum

307 3777 1682 3894 notis·natureelegibus,quae‘omnesnonminussimplicessuntquam

309 3906 602 4004 immutabiles,
615 3907 692 3984 nisi
706 3906 817 3984 enim
834 3905 1068 4015 hypothesis
1087 3910 1140 3988 sit
1160 3906 1284 3986 facilis
1297 3905 1682 4013 concepttisetbene

312 4026 822 4136 determinata,nequidem
836 4029 880 4107 in
889 4028 1136 4137 adjutorium
1148 4028 1447 4134 imaginationis
1455 4027 1605 4108 servire
1616 4054 1687 4136 po-

312 4166 400 4232 test.
422 4149 541 4230 Unde
555 4148 696 4228 saltem
710 4150 931 4258 inPhysicd
944 4154 1126 4232 assentiri
1138 4179 1223 4232 non
1234 4177 1448 4260 possumus
1460 4147 1686 4256 dynamico·

314 4302 407 4356 rum
423 4271 637 4388 hypothesi
653 4270 855 4353 denatura
869 4275 1044 4356 materiae
1054 4303 1064 4375 ;
1074 4291 1340 4384 praeterquam
1354 4273 1463 4352 enim
1472 4270 1586 4381 quod
1599 4296 1683 4350 non

360 4519 410 4609 (r)
431 4519 529 4619 Prop.
543 4518 587 4606 69
599 4516 708 4584 schot.
875 4611 887 4636 ι
1472 4624 1494 4707 4

282 4684 285 4687 ,
414 4628 461 4696 Π.
