4509 5875
603 681 852 754 maranno
871 683 935 752 an
957 685 1120 773 Quaen
1144 687 1289 758 auaro.
1605 709 1631 782 9

264 880 305 946 et
340 861 556 945 commodo
593 864 653 942 rei
687 859 870 942 venditae.
902 864 1004 945 Item
1038 863 1216 946 omtodis
1248 865 1473 974 appositio,
1498 867 1534 944 si
1562 891 1626 948 rea

259 1013 347 1066 non
374 986 490 1068 lacile
518 984 607 1062 loco
634 985 789 1062 moneri
820 985 946 1090 possit
973 1001 1143 1092 propter
1176 983 1495 1091 magnitudinem
1520 1013 1624 1094 pon·

259 1107 375 1188 deris.
388 1110 429 1184 L
447 1116 608 1212 1‚§pen.
621 1101 660 1180 ff.
674 1101 727 1180 de
738 1129 822 1210 atq.
835 1129 948 1208 poss..
959 1107 1095 1184 Potest
1105 1121 1147 1182 et
1157 1109 1244 1187 sine
1255 1107 1350 1185 noti
1361 1107 1626 1218 actusaliquis

257 1225 518 1306 traditionem
548 1239 856 1332 repraesentar05
886 1248 981 1302 nam
1009 1224 1043 1302 si
1071 1225 1115 1302 in
1139 1250 1184 1302 re
1206 1229 1394 1331 praesenti
1421 1244 1463 1304 et
1491 1229 1628 1334 aperti

257 1349 447 1429 dominus
475 1373 565 1436 eam
594 1373 718 1429 manu
745 1342 960 1429 indicatam
979 1343 1079 1422 mihi
1102 1343 1262 1436 tradere
1289 1345 1520 1450 dicat‚.eg0
1549 1352 1626 1426 sim
1711 1349 1717 1356 ’

256 1471 333 1550 hoe
357 1471 516 1571 animo,
540 1486 588 1550 ut
613 1468 735 1548 velim
760 1494 847 1546 rem
872 1463 1087 1548 indicatam
1113 1467 1194 1548 sub
1218 1483 1414 1575 potestate
1443 1470 1533 1548 meai
1556 1495 1625 1552 su-

252 1619 389 1688 mere3
410 1591 580 1699 perinde
601 1591 678 1670 hoc
702 1589 894 1688 habetur,
912 1615 957 1667 ac
977 1589 1011 1665 si
1032 1586 1179 1694 pedem
1206 1587 1356 1682 linibus
1379 1590 1622 1688 intulissem,

257 1739 428 1820 corpore
450 1741 498 1791 ae
517 1737 643 1791 manu
666 1735 754 1790 rem
774 1705 1138 1817 apprehendissem.
1156 1710 1199 1788 L
1223 1736 1264 1807 r,
1284 1714 1310 1808 §
1332 1735 1424 1816 pen.
1443 1727 1485 1790 et
1500 1714 1544 1790 L
1559 1711 1626 1807 18,

254 1838 324 1933 §a
344 1833 383 1912 tf.
409 1832 460 1912 de
484 1832 574 1943 adq.
599 1848 641 1910 et
672 1833 794 1912 anritt
824 1857 939 1939 poss.
962 1833 1015 1910 Et
1034 1849 1094 1911 est
1118 1831 1196 1910 hoc
1229 1828 1342 1941 quod
1365 1833 1501 1912 vocari
1523 1833 1626 1914 solet
1776 1840 1783 1848 '

251 1956 419 2037 ,traditio
441 1956 571 2062 longae
590 1981 759 2046 mnus„
778 1935 916 2063 ‘quam'
946 1950 1140 2060 proinde,
1168 1968 1332 2032 auctore
1360 1951 1623 2048 celeberrimo

210 2193 215 2200 .
253 2079 426 2276 Vrurpo,
459 2076 509 2156 ad
535 2075 798 2184 symbolicam
822 2076 1106 2185 potiusquam
1132 2072 1343 2156 adfictam
1365 2073 1624 2156 traditionem

254 2215 344 2279 retu
360 2223 476 2278 rmus.
1127 2213 1136 2228 '

309 2367 414 2448 Sunt
442 2365 619 2478 denique
648 2366 719 2477 qui
748 2362 1159 2476 quasi-traditionem
1190 2390 1357 2477 quoque
1389 2366 1504 2446 aiunt
1532 2392 1622 2475 spe-

255 2491 358 2570 ciem
371 2516 456 2568 esse
472 2489 701 2568 traditionis
718 2487 964 2592 symbolicae,
975 2516 1068 2567 cum
1085 2489 1130 2568 in
1147 2487 1502 2600 quasi-traditione
1517 2516 1623 2600 quo·

250 2611 475 2721 queveniat
489 2608 640 2688 factum
653 2606 767 2720 qnod
785 2609 875 2688 loco
893 2607 1121 2688 traditionis
1139 2625 1324 2717 ponatur.
1344 2608 1425 2689 Sed
1437 2611 1621 2721 quumvis

251 2729 475 2813 similitudo
487 2759 571 2812 non
592 2730 703 2810 nulla
717 2733 787 2832 sit,
805 2745 985 2810 ‘attamen
1005 2730 1402 2842 quasi-traditionem
1422 2733 1621 2812 intertra-

250 2853 423 2936 ditiones
449 2853 688 2963 symbolicas
708 2853 966 2949 annumerari
985 2879 1069 2932 non
1097 2878 1215 2962 posse
1245 2849 1542 2951 existimamus3
1565 2855 1621 2934 si-

251 2976 417 3084 quidem
443 2976 742 3089 quasi-traditio
763 2977 853 3055 loeo
880 2972 1111 3051 traditionis
1135 2976 1369 3053 admittatur
1382 2977 1489 3055 ‘ideo
1508 2975 1621 3085 quod

254 3098 339 3203 ipsa
367 3099 529 3176 traditio
559 3100 696 3175 adesse
727 3122 811 3171 non
842 3107 990 3198 potest,
1021 3090 1205 3201 adeoque
1236 3096 1349 3201 qnasi
1370 3140 1388 3154 -
1404 3094 1621 3173 traditione

252 3211 415 3321 traditio
445 3239 531 3291 non
558 3227 868 3319 repraesentetur
895 3215 1009 3318 (cum
1047 3211 1362 3320 impossibilium
1396 3240 1618 3323 repraesen·

251 3338 349 3417 tatio
380 3333 520 3420 haberi
548 3332 633 3412 non
659 3334 830 3442 possit),
854 3332 926 3415 sed
955 3336 1092 3442 potius
1122 3362 1199 3445 per
1223 3334 1619 3447 quasi-traditionem

251 3455 460 3542 traditioni
483 3454 729 3564 suppleatur.

301 3617 425 3711 Fictae
450 3626 678 3709 traditionis
710 3628 849 3741 (cujus
874 3629 959 3710 haec
997 3628 1180 3713 definitio
1211 3632 1387 3715 traditur
1407 3660 1417 3713 ε
1426 3632 1535 3738 ficta
1561 3638 1620 3713 tei

244 3754 470 3862 praetacto,
494 3748 580 3859 qud
608 3778 670 3829 res
690 3753 747 3833 ab
771 3755 888 3833 umus
907 3757 951 3833 ia
975 3755 1139 3835 alternas
1158 3772 1401 3864 potestatem
1418 3756 1619 3855 maulam

250 3893 438 3967 centeno,
471 3902 562 3981 quae
589 3872 720 3983 turpati
743 3876 797 3952 ab
826 3877 894 3955 illo
921 3880 965 3955 in
990 3876 1096 3958 hune
1123 3880 1325 3958 translato
1342 3878 1541 3982 transuit)
1559 3879 1617 3986 (1)

251 3994 496 4073 iustinianus
525 4021 664 4075 rursus
684 3997 915 4106 exemplum
939 3998 1061 4080 offert
1069 4001 1112 4079 in
1130 4006 1156 4099 §
1173 4000 1228 4097 44
1240 4001 1334 4078 lust.
1356 3997 1408 4080 de
1424 4026 1499 4077 rer.
1519 3996 1618 4104 dia,

250 4116 378 4224 siquis
399 4140 628 4226 remquam
650 4117 725 4197 tibi
756 4120 1071 4221 commodaverit
1094 4120 1382 4218 autlocaverit
1407 4137 1478 4199 aut
1506 4121 1615 4230 apud

250 4253 290 4316 te
318 4235 554 4345 deposuerit
576 4237 658 4341 (vel
681 4243 799 4319 etiam
818 4243 979 4351 pignori
1002 4240 1223 4323 dederi't.L
1246 4268 1289 4349 9,
1308 4245 1338 4340 ᾗ
1361 4269 1377 4341 r
1400 4238 1442 4319 ff.
1468 4241 1519 4321 de
1534 4270 1613 4351 pn·

251 4356 424 4439 blieiani
446 4358 490 4437 in
513 4384 599 4437 rem
617 4360 816 4463 actione),
834 4378 973 4468 postea
1000 4380 1069 4443 aut
1085 4358 1316 4445 vendiderit
1340 4360 1418 4443 tibi
1443 4380 1514 4444 aut
1536 4360 1612 4443 do·

295 4548 343 4641 (r)
364 4551 467 4621 Vota.
478 4550 518 4617 ad
536 4550 638 4619 Pand.
654 4550 710 4617 lib.
726 4554 786 4630 dr,
804 4549 853 4615 tit.
872 4572 908 4632 r,
927 4562 968 4617 n⁰
986 4550 1038 4635 315.

429 4658 475 4730 11.
1421 4682 1442 4727 a
