4509 5875
553 664 837 740 nesrousro
868 664 940 737 an
966 619 1463 757 summasunmna
1617 669 1647 741 a

279 866 374 926 nem
395 840 461 923 vel
482 845 783 943 remissionem;
810 850 868 925 sic
890 870 983 955 que
1006 851 1061 925 in·
1075 852 1212 927 eninm
1234 854 1508 955 peraguntur,
1530 876 1665 931 sensu

276 963 424 1044 intimo
448 980 491 1041 et
513 963 676 1043 nonnisi
695 992 821 1046 sensu
840 969 985 1045 intimo
1010 971 1301 1072 cognoscimus.
1324 971 1405 1050 Sed
1428 998 1568 1053 sensus
1589 974 1652 1051 in·

276 1088 403 1168 timus
419 1086 642 1184 universim
659 1084 711 1163 ad
731 1112 887 1195 eaquae
905 1090 1204 1169 extraauimam
1217 1088 1340 1193 fiunt,
1358 1120 1401 1173 sc
1420 1121 1505 1175 non
1523 1112 1655 1177 exten·

278 1206 351 1286 dit.
376 1208 517 1306 Quum
549 1222 684 1285 autem
715 1210 900 1315 corporis
929 1210 1057 1287 nostri
1087 1213 1340 1289 conservatio
1369 1230 1410 1291 ct
1437 1242 1534 1295 usus
1560 1219 1654 1297 vitae

275 1328 486 1407 necessarii
509 1329 690 1434 exigant,
712 1346 760 1409 ut
779 1356 956 1439 corpora
975 1348 1142 1413 externa
1166 1358 1392 1445 eorumque
1414 1337 1524 1417 inter
1544 1344 1588 1417 se
1615 1354 1655 1417 et

276 1451 322 1531 in
345 1477 422 1529 nos
442 1451 621 1531 notiones
644 1450 784 1562 aliquo
809 1480 940 1561 usque
964 1453 1107 1533 saltam
1127 1482 1448 1561 cognoscamus,
1470 1456 1656 1539 semibus

277 1574 456 1657 externis
468 1571 610 1658 donati
617 1571 863 1681 sumus,·qui
875 1574 947 1654 fini
956 1575 1052 1654 huic
1063 1573 1233 1659 diversis
1246 1578 1380 1658 modis
1394 1580 1653 1659 satisfaciunt

333 1838 532 1938 Quamvis
551 1838 663 1915 enim
688 1834 865 1945 quilibet
889 1862 1032 1917 sensus
1061 1854 1253 1917 externus
1276 1862 1443 1919 summae
1469 1842 1521 1922 sit
1544 1842 1654 1919 utili-

279 1959 394 2056 tatis,
417 1960 603 2067 qtmmvis
624 1974 668 2037 ct
685 1974 827 2063 gustus
853 1974 895 2037 et
919 1958 1089 2039 olfactus
1110 1958 1352 2068 corporibus
1377 1959 1655 2041 discernendis

277 2082 449 2188 saepius,
474 2081 666 2164 chemicis
689 2083 936 2190 pensurum,
964 2084 1179 2179 inserviam
1209 2098 1386 2161 attamen
1412 2108 1488 2162 nec
1514 2098 1656 2189 gustus

278 2230 355 2309 nec
375 2204 571 2285 odomtus
591 2204 824 2285 immedioetc
847 2223 889 2285 ct
909 2232 985 2313 pec
1005 2230 1049 2284 se
1066 2203 1119 2284 ad
1140 2206 1418 2311 cognitionem
1438 2231 1657 2312 corporum

280 2345 544 2407 externorum
561 2353 636 2403 nos
655 2323 864 2431 perducit,
885 2330 989 2403 sicut
1005 2352 1082 2404 nec
1099 2327 1263 2406 auditus
1282 2332 1389 2434 ipse,
1414 2355 1499 2436 quo
1519 2354 1542 2405 a
1560 2330 1658 2407 nati·

281 2453 407 2528 vitate
436 2450 585 2556 privati
602 2465 691 2526 toto
714 2450 806 2526 vitae
825 2445 999 2525 decursu
1020 2445 1183 2557 loquelis
1204 2450 1350 2526 misere
1370 2446 1656 2527 destituuntur.

261 2583 263 2586 ’
282 2570 369 2672 Qui
388 2564 530 2650 sensus
548 2570 734 2679 quamvis
760 2574 964 2648 amoenum
987 2572 1094 2648 inter
1120 2570 1306 2648 homines
1334 2568 1517 2650 idearum
1546 2596 1657 2647 com-

279 2695 481 2772 mercium
498 2684 714 2798 'iargiatum
734 2717 907 2800 corpora
932 2708 1066 2771 umen
1089 2696 1254 2771 externa
1276 2718 1351 2799 per
1371 2720 1414 2771 se
1433 2691 1553 2771 nobis
1573 2714 1658 2771 non

279 2816 467 2916 exhibet,
487 2814 602 2927 quod
621 2812 707 2895 non
729 2814 885 2898 faciunt
903 2814 982 2894 nisi
1002 2828 1132 2895 tactus
1153 2828 1194 2894 ct
1212 2817 1331 2894 visus.
1544 2810 1546 2815 ’
1566 2806 1570 2817 ’

286 3088 292 3115 2
336 3051 628 3130 Verumtamen
649 3071 784 3158 neque
800 3054 843 3125 hi
860 3076 1003 3126 sensus
1029 3049 1143 3125 aliud
1161 3050 1282 3126 nobis
1301 3049 1513 3147 exhibent,
1537 3075 1659 3160 qnam

282 3173 499 3286 praedicata
527 3170 810 3280 objectorum,
843 3196 927 3249 non
954 3181 1091 3250 autem
1122 3185 1308 3248 naturam
1339 3169 1505 3248 illorum
1532 3173 1658 3251 inter*

283 3320 399 3397 nam,
416 3319 552 3407 neque
573 3299 694 3374 enm
712 3311 845 3403 partes
862 3296 1051 3374 minimas
1070 3319 1293 3402 earumque
1313 3289 1598 3401 dispositiones
1617 3295 1661 3373 in

285 3421 434 3501 extima
454 3422 576 3499 etism
597 3443 819 3526 corporum
838 3416 1049 3526 superficie
1072 3416 1240 3496 intentes
1255 3443 1266 3513 ;
1281 3417 1480 3526 ‘quinimo
1504 3415 1661 3521 integra

168 3631 172 3635 ,
288 3539 636 3654 qucqueobjecta
665 3540 721 3620 ob
745 3567 828 3620 mae
850 3541 970 3619 molis
993 3540 1235 3636 eniiitatem,
1264 3537 1330 3618 vel
1357 3537 1412 3618 ob
1442 3537 1610 3616 nimiam
1637 3567 1660 3616 a

163 3688 165 3691 ’
248 3667 253 3674 ’
287 3667 414 3748 nobis
427 3654 950 3740 dinmttmmfissimain
967 3666 1086 3738 etiam
1100 3687 1294 3738 sensnum
1307 3661 1435 3740 aciem
1448 3658 1661 3766 effugiunt.

288 3781 409 3865 Unde
426 3778 635 3861 manifesta
655 3777 791 3859 evadit
807 3776 947 3885 regula
961 3777 1252 3858 Maiebranchii
1263 3809 1272 3859 :
1284 3813 1304 3856 α
1316 3779 1367 3861 de
1381 3779 1661 3890 rebus-quales

283 3910 393 3987 inse
414 3907 516 4005 sint,
539 3925 617 4013 ope
633 3925 829 3984 sensuum
850 3923 944 3983 cave
961 3925 1014 3981 ne
1034 3929 1218 4014 unquam
1237 3899 1412 4011 judicem
1436 3904 1485 3981 iis
1504 3917 1661 3982 tantum
1696 3933 1700 3938 ·

290 4031 441 4124 uteris,
465 4043 513 4105 ut
544 4050 759 4132 rogatoscas
784 4024 947 4138 qualem
970 4050 1035 4106 res
1058 4025 1110 4106 ad
1131 4053 1174 4106 sc
1198 4043 1341 4106 mutuo
1369 4041 1411 4106 et
1430 4024 1481 4106 ad
1500 4053 1576 4106 nos
1597 4053 1660 4106 re-

289 4149 1058 4258 lsuonamrcapecttmquehabeanc»
1574 4143 1578 4150 ’

346 4395 432 4474 Nec
454 4395 590 4472 minus
616 4395 878 4501 perspicuum
898 4410 973 4488 est,
993 4394 1208 4472 innumera
1229 4392 1398 4474 existere
1423 4419 1541 4502 posse
1570 4419 1659 4472 cor-

296 4544 412 4624 pora,
435 4545 527 4626 quae
559 4540 751 4598 sensuum
780 4531 1014 4599 nostrorum
1037 4517 1164 4598 aciem
1191 4543 1350 4623 semper
1374 4513 1591 4623 effugiunt,
1621 4533 1662 4593 et
1785 4521 1790 4526 ’
