4509 5875
634 613 690 692 IN
710 617 883 690 DEFER.
907 617 1054 690 DOCT.
1081 619 1270 690 GRADU.
1589 615 1631 692 31

791 755 799 772 ’
887 799 1027 899 axv,

323 994 596 1088 Promotionis
621 994 688 1077 die
715 997 962 1080 Professores
990 999 1145 1095 cuncti,
1173 997 1323 1108 quibus
1346 999 1390 1076 in
1414 996 1634 1081 deferendo
1671 1097 1676 1104 ¹

272 1117 402 1226 modu
417 1136 572 1212 'votum
598 1137 679 1218 est,
704 1122 946 1200 conveniant
972 1120 1073 1200 hond
1103 1119 1391 1202 indicatdcum
1414 1121 1638 1204 Candidnt‘o

271 1243 316 1332 in
336 1239 514 1322 conclavi
538 1241 708 1322 Senatus
725 1241 971 1344 Academici,
989 1242 1100 1324 unde
1117 1241 1262 1322 ordine
1278 1242 1450 1324 solemni
1460 1245 1638 1352 praeced·

273 1362 433 1446 annom
460 1361 772 1471 Adparito'ribus
801 1365 846 1446 in
867 1364 1006 1448 ‚aulam
1035 1365 1317 1472 Academicum
1342 1365 1573 1475 procedant.
1650 1378 1653 1395 ¹

751 1523 754 1530 ’
898 1559 1056 1658 §xva

326 1759 409 1842 Ubi
448 1763 628 1870 primum
654 1761 916 1866 advenerint,
942 1764 1204 1873 Adparitores
1230 1763 1343 1845 edito
1367 1767 1482 1871 signo
1510 1762 1561 1843 ad
1590 1767 1637 1842 si·

276 1881 446 1962 lentium
468 1902 684 1991 praesentes
702 1886 935 2002 hortentur,
956 1902 997 1966 et
1019 1885 1268 1967 Candidatus
1287 1889 1430 1966 invitet
1449 1883 1501 1966 ad
1521 1888 1639 1964 intor-

275 2002 504 2112 rogandum
526 2033 613 2111 eos,
640 2007 791 2117 quibus
810 2007 1085 2114 interrogandi
1105 2009 1170 2089 vel
1193 2007 1259 2117 jus
1279 2009 1345 2090 vel
1362 2007 1542 2089 officium
1568 2023 1638 2086 est

866 2221 892 2314 s
919 2217 1044 2295 xvn.

329 2405 610 2512 Disputatione
628 2403 741 2484 finita
758 2405 1008 2484 Professores
1025 2429 1188 2505 ornnes,
1206 2405 1356 2514 quibus
1378 2405 1463 2484 voti
1486 2402 1640 2483 ferendi

278 2522 344 2631 jus
363 2541 439 2626 est,
458 2552 501 2604 se
512 2525 718 2605 conferant
736 2529 779 2604 in
798 2528 1028 2635 proximum
1043 2527 1252 2627 conclave,
1269 2527 1313 2605 in
1332 2551 1456 2636 quoa
1474 2525 1642 2607 Senatus

284 2640 525 2751 Graphiario
545 2646 670 2726 literae
687 2652 713 2745 §
731 2649 771 2725 X
793 2649 1008 2728 nominatae
1026 2645 1290 2755 praelegenda
1311 2663 1421 2749 sunt,
1440 2663 1488 2726 ut
1504 2674 1555 2727 ex
1580 2647 1643 2728 his

277 2782 384 2846 etex
402 2765 671 2874 disputatione
693 2767 830 2846 auditd
848 2770 985 2878 quiuis
1001 2783 1144 2846 votam
1162 2767 1281 2870 ferat,
1299 2784 1438 2847 utrum
1457 2767 1642 2876 simplici·

275 2905 338 2969 ter
358 2881 607 2973 Candidatus
624 2889 676 2970 sit
693 2886 982 2995 admittendus,
994 2901 1046 2973 an
1059 2917 1153 2971 cum
1165 2888 1284 2972 laude
1294 2949 1307 2994 ,
1317 2918 1369 2970 an
1381 2891 1529 2998 magni
1548 2917 1641 2973 cum

275 3008 415 3117 laude,
434 3040 486 3094 an
504 3014 661 3095 summd
681 3040 775 3093 cum
795 3012 923 3093 laude.

862 3224 888 3317 §
915 3216 1059 3298 XVIII.

350 3424 456 3505 Vota
489 3424 640 3534 majora
672 3420 917 3526 decernant,
948 3442 989 3505 ct
1022 3426 1269 3506 decisionem
1296 3425 1444 3504 inserat
1474 3424 1644 3505 Senatus

280 3548 544 3655 Graphiarins
567 3548 680 3627 Actis
700 3544 948 3627 Academicis
976 3545 1127 3657 quibus
1156 3546 1280 3627 literae
1307 3548 1401 3645 §X
1429 3548 1644 3626 nominatae

282 3667 532 3776 adjiciantur.

918 3772 1027 3853 XIX.

327 3986 488 4067 Deinde
511 4013 651 4067 omnes
662 3987 713 4068 ad
733 3988 865 4068 aulam
887 3986 1167 4068 Academicanr
1191 3984 1377 4078 redeant,
1399 3982 1548 4064 Rector
1568 4012 1646 4093 pu·

279 4107 383 4191 blice
404 4109 577 4211 indicet,
599 4110 680 4219 qud
706 4138 798 4190 cum
821 4106 952 4191 laudis
969 4110 1065 4191 notd
1090 4107 1347 4191 Candidatus
1360 4106 1557 4188 admissus
1575 4109 1647 4211 sit,

280 4234 446 4340 accipiat
454 4234 498 4311 in
511 4256 653 4311 manus
666 4259 756 4311 suas
765 4231 1322 4340 juramentumaGraphiario
1332 4228 1647 4339 praelegendum,

226 4447 232 4459 1
281 4381 304 4433 a
329 4352 551 4435 Candidato
572 4352 757 4459 religiose
777 4350 1043 4460 repetendum
1063 4371 1104 4434 et
1120 4354 1264 4435 invitet
1282 4354 1584 4456 Promotorem‚
1601 4368 1649 4432 ut

284 4472 403 4557 illum·
419 4476 638 4557 Doctorem
656 4490 764 4555 creet
789 4489 831 4555 et
850 4474 1067 4555 renunciet.
1105 4490 1109 4499 ’
