4509 5875
588 654 629 723 18
1023 652 1254 721 DECRETA
1280 654 1341 720 ET
1365 653 1496 721 ACTA

581 825 709 897 demite
726 824 820 895 fama
832 823 879 895 ad
897 844 1012 921 usque
1030 808 1245 895 Jnnsmismi
1256 821 1533 908 altercationes,
1547 821 1685 919 quihus
1711 826 1750 897 in
1770 829 1948 928 opinione

581 938 732 1037 publica
753 937 828 1011 labi
843 953 960 1037 coepta
980 952 1054 1026 est;
1073 936 1195 1009 donec
1212 950 1426 1031 tempestate
1448 937 1665 1027 recentiori,
1686 943 1839 1039 antiqua
1863 968 1949 1016 cou-

581 1054 689 1124 tinuo
710 1054 860 1151 vestigia
879 1066 1024 1137 secuta,
1042 1048 1191 1149 Iosephi
1206 1053 1250 1118 II
1269 1051 1416 1121 Caesaris
1443 1051 1657 1139 conatibus,
1676 1078 1799 1152 neque
1826 1070 1948 1129 tamen

579 1166 703 1238 invitis
721 1164 830 1263 plane
848 1169 1039 1237 Musarum
1060 1160 1300 1249 numinibus,
1319 1162 1559 1237 vehementer
1578 1165 1840 1239 concitabatur.

624 1388 824 1481 Quomodo
854 1390 1016 1489 denique
1042 1402 1178 1461 sortem
1197 1412 1302 1485 passa
1321 1392 1369 1463 sit
1394 1415 1522 1465 earum
1548 1394 1842 1484 institutionum,
1868 1420 1949 1493 quae

578 1518 821 1602 oppugnante
841 1504 952 1577 aetatis
977 1504 1087 1599 genio
1121 1504 1160 1572 iu
1180 1504 1454 1578 constitutionis
1473 1520 1509 1577 et
1530 1507 1648 1607 longae
1667 1508 1950 1582 consuetudinis

579 1616 684 1689 litera
705 1633 741 1691 et
770 1616 871 1688 velut
901 1614 1017 1687 formai
1036 1612 1239 1705 inhaereut,
1259 1616 1421 1717 ideoque
1444 1622 1685 1695 conversione
1713 1622 1852 1696 Gallica
1872 1624 1950 1721 ipsa

577 1754 676 1801 anno
716 1732 1013 1802 MDCCXCVII
1050 1754 1207 1821 eversa,
1244 1734 1358 1805 immo
1393 1760 1413 1805 e
1455 1760 1612 1807 numero
1648 1736 1951 1823 Academiarum,
2046 1734 2052 1747 “

577 1844 710 1915 exactis
740 1856 899 1939 quatuor
924 1843 1074 1943 integris
1103 1846 1263 1932 suculis,
1286 1846 1461 1917 radicitus
1488 1848 1608 1919 deleta
1628 1849 1697 1934 sit,
1720 1850 1792 1918 hoc
1822 1871 1951 1920 omnes

578 1954 654 2028 lere
678 1955 825 2053 ipsimet
844 1960 980 2030 nostris
997 1958 1115 2031 oculis
1140 1958 1377 2041 videbamus,
1393 1956 1612 2053 lugebamus
1632 1961 1666 2052 (1
1678 1960 1722 2052 r).

527 2238 530 2245 .
612 2184 679 2263 tra)
706 2184 857 2256 anuiam
878 2202 939 2243 uon
956 2196 1092 2243 nostrum
1106 2196 1169 2255 est,
1188 2184 1288 2243 sivesi
1310 2184 1506 2256 modestiam,
1528 2201 1619 2261 quern
1643 2185 1774 2262 antiquis
1800 2187 1832 2244 id
1855 2206 1948 2265 genus

577 2279 812 2339 institutionibus
825 2281 983 2353 debemus,
998 2281 1058 2339 sive
1080 2280 1105 2339 si
1121 2282 1179 2339 hoc
1187 2282 1347 2339 nubum
1358 2280 1581 2341 condendorum
1592 2282 1749 2341 eonsilium
1764 2295 1948 2361 spectamus,

577 2375 614 2432 de
632 2387 733 2432 vetere
759 2376 918 2433 Academia
941 2378 1017 2433 ferre
1034 2376 1198 2449 judicium,
1215 2379 1254 2434 ab
1276 2397 1312 2435 eo
1330 2380 1419 2455 plane
1445 2379 1631 2438 abstinemus.
1652 2384 1789 2439 Attamen
1814 2400 1876 2439 uon
1896 2382 1949 2439 ahs

577 2489 610 2527 re
630 2488 711 2542 esse,
741 2488 837 2545 neque
861 2470 985 2543 inutile,
1009 2487 1104 2545 neque
1127 2492 1197 2529 vero
1224 2473 1312 2528 etiam
1345 2474 1430 2531 facile
1454 2474 1672 2546 existimamus,
1693 2477 1800 2533 navari
1826 2492 1947 2552 operam

576 2566 735 2624 condendae
753 2566 832 2623 illius
849 2564 1053 2622 Universitstis
1070 2563 1198 2618 historie
1220 2558 1334 2616 abillis
1353 2559 1423 2616 siris
1436 2602 1445 2633 ,
1458 2563 1511 2636 qui
1524 2563 1664 2620 omuibus
1680 2565 1814 2624 historici
1832 2570 1949 2630 virtuti·

574 2664 630 2719 hus
650 2662 805 2731 instructi,
825 2677 927 2718 omnes
940 2671 969 2717 et
989 2675 1143 2733 quosque,
1159 2654 1212 2730 qui
1231 2652 1270 2712 ad
1290 2666 1422 2713 nostram
1437 2656 1516 2714 diem
1535 2659 1747 2732 servahuntur,
1769 2662 1865 2721 sontes
1886 2678 1948 2722 stu-

575 2758 656 2817 diose
666 2756 885 2835 perquirentes,
901 2766 990 2829 atque
1009 2769 1045 2808 ex
1061 2750 1121 2806 illis
1133 2749 1205 2807 viris
1218 2748 1312 2827 iisque
1324 2752 1497 2810 doctissimis
1508 2746 1735 2831 clarissimisque
1746 2799 1755 2828 ,
1768 2761 1821 2835 qui
1833 2759 1949 2835 ipsimet

573 2853 652 2910 illius
670 2850 833 2908 Academiae
853 2846 1004 2922 qnondam
1025 2845 1230 2916 Professores,
1252 2848 1409 2920 Rectores,
1435 2850 1652 2923 moderatores,
1681 2850 1856 2928 florentique
1885 2855 1948 2930 cjus

573 2949 651 3006 atati
681 2946 829 3022 aequales,
856 2943 1016 3002 hodienum
1039 2943 1131 3000 sitam
1154 2954 1245 3020 agunt
1257 2984 1267 3012 ,
1291 2946 1477 3022 percontati,
1501 2946 1606 3005 faciem
1628 2945 1721 3024 ipsius
1738 2946 1884 3021 instituti,
1898 2970 1946 3007 re-

571 3062 697 3120 rumque
717 3043 916 3114 ineremeutu,
933 3058 1125 3118 progressus,
1146 3043 1281 3111 culmen,
1305 3042 1420 3117 lapsum
1444 3042 1670 3121 interitumque,
1701 3043 1763 3102 sine
1787 3045 1884 3104 studio
1910 3065 1945 3105 ac

571 3140 699 3210 insidis,
716 3139 889 3215 consignare
901 3137 1007 3210 velint,
1022 3147 1089 3195 ante
1106 3137 1207 3196 omnia
1226 3155 1297 3195 vero
1316 3137 1467 3196 literarum
1486 3150 1614 3214 statum,
1633 3141 1793 3212 rationem,
1810 3160 1944 3215 sensum3

571 3248 660 3314 utque
677 3237 768 3294 altera
783 3253 818 3293 ex
838 3244 921 3312 parte
945 3253 1026 3292 resa
1052 3235 1162 3293 Senatu
1188 3233 1268 3292 illins
1295 3246 1406 3310 gestas,
1427 3254 1491 3311 quae
1509 3255 1614 3314 nempe
1635 3237 1696 3295 rim
1714 3238 1844 3296 habuere
1872 3257 1946 3316 saepe

571 3334 727 3396 maximam
744 3351 796 3390 sen
816 3332 847 3389 in
865 3331 1097 3407 rempublicam,
1111 3350 1162 3389 seu
1183 3330 1215 3387 in
1231 3330 1331 3406 ipsum
1348 3341 1473 3407 systema
1490 3331 1663 3406 politicum,
1680 3334 1783 3391 sedulo
1800 3333 1832 3390 iu
1851 3335 1948 3395 lucen

576 3433 760 3506 depromant.
784 3428 940 3504 Quidquid
961 3428 1040 3485 euim
1065 3427 1121 3485 tuit
1140 3426 1304 3504 splendoris
1320 3426 1353 3482 in
1377 3426 1430 3482 illo
1452 3425 1604 3497 instituto,
1624 3426 1700 3482 illud
1724 3429 1780 3484 hac
1799 3430 1948 3487 luculenta

573 3527 678 3586 notitia
701 3544 808 3584 novam
831 3526 922 3582 vitam
943 3525 1105 3602 acciperet,
1125 3525 1283 3600 scholaque
1305 3521 1386 3580 lieret
1406 3521 1497 3579 animi
1512 3521 1635 3580 hermani
1657 3523 1811 3592 universe,
1825 3533 1854 3579 et
1870 3542 1946 3599 prse-

573 3622 675 3700 primis
693 3622 777 3698 ¹genii
800 3622 880 3680 illius
897 3622 987 3680 atatis
1008 3621 1228 3699 perscrutatori.
1253 3619 1404 3691 Quamdiu
1419 3619 1479 3675 haec
1497 3619 1583 3675 uobis
1601 3616 1758 3691 descriptio
1777 3635 1839 3674 uon
1852 3619 1947 3676 couti·

574 3718 670 3796 gerit,
693 3729 726 3772 ut
743 3718 832 3788 hujus
848 3718 1009 3774 Academiae
1027 3718 1180 3774 historiam
1201 3715 1420 3791 quodammodo
1439 3714 1522 3789 sequi
1545 3713 1666 3788 ipseque
1679 3711 1813 3787 judicare
1828 3715 1946 3791 possis,

574 3825 679 3892 praeter
695 3811 816 3870 laudata
826 3827 918 3886 opera
932 3809 1043 3886 inspice
1052 3812 1108 3868 Ca.
1117 3812 1194 3866 Anu.
1211 3811 1376 3866 Hanainsn
1391 3809 1469 3865 Rihl.
1486 3809 1561 3866 nist.
1575 3809 1663 3866 Acsd.
1674 3809 1725 3886 (ad
1739 3812 1847 3868 calcem
1859 3811 1946 3870 Auti-

572 3909 720 3984 qnitstnm
738 3903 977 3964 Academicorum
991 3909 1028 3962 Η.
1044 3905 1203 3981 Connhgii,
1220 3903 1352 3979 Gotting.
1374 3902 1709 3980 1739.s),unds‚quia
1728 3906 1777 3964 hic
1792 3907 1868 3965 liber
1882 3925 1945 3966 nou

575 4004 660 4064 iacile
679 4004 712 4060 in
730 4003 866 4060 manibus
888 4001 1019 4059 omnium
1040 4011 1199 4074 tractatur,
1217 4001 1278 4058 haec
1298 4000 1484 4080 suppeditare
1496 4019 1586 4078 opera
1603 4000 1712 4058 velim:
1734 4075 1740 4084 Ι

613 4113 657 4176 hi.
682 4120 793 4174 Dosara
813 4115 937 4194 (Theol.
965 4118 1018 4174 Ao.
1042 4117 1136 4185 bon,
1152 4114 1190 4172 de
1211 4133 1273 4191 quo
1301 4115 1370 4174 ride
1387 4116 1508 4174 Haedui
1534 4115 1685 4174 historiam
1708 4115 1787 4174 lites‘.
1809 4115 1943 4174 Reium.

575 4217 609 4272 Ρ.
622 4215 646 4270 l.
661 4231 691 4288 p.
707 4221 742 4286 74
758 4224 786 4272 et
799 4213 931 4270 Fabricii
943 4213 1016 4270 ttibl.
1030 4214 1093 4270 Lat.
1108 4211 1185 4268 med.
1198 4222 1226 4268 et
1245 4211 1298 4270 ini.
1315 4213 1406 4270 aetatis
1419 4214 1452 4270 L
1466 4213 1516 4270 tv.
1529 4231 1559 4288 p.
1574 4211 1653 4290 ms.)
1673 4211 1778 4270 Oratio
1791 4211 1829 4268 de
1846 4212 1944 4270 laudi-

461 4349 465 4360 .
572 4311 630 4367 hus
644 4308 775 4368 omnium
794 4309 1016 4387 disciplinarum
1039 4321 1068 4366 et
1088 4307 1278 4368 amoeuissimi
1303 4309 1426 4368 Maeuii
1443 4309 1666 4385 Academiaeque
1682 4307 1857 4367 Insaniens.
1881 4311 1944 4367 Lo·

575 4388 656 4447 venii
675 4387 760 4456 1514.
785 4397 813 4458 4.
936 4433 939 4440 .

618 4505 655 4560 Ν.
678 4503 771 4560 Curtii
787 4501 954 4580 Elegiarum
971 4502 1047 4560 liber
1063 4501 1101 4562 de
1117 4502 1208 4562 Acsd.
1228 4513 1257 4560 et
1279 4502 1355 4561 urbe
1375 4505 1485 4563 mnan.
1503 4502 1577 4562 ibid.
1600 4498 1722 4573 siqu-83
1735 4499 1787 4560 uhi
1796 4519 1827 4578 p.
1846 4501 1936 4562 13-15
