4509 5875
633 630 681 703 ro
925 594 934 607 ”
967 633 1184 707 roauurs
1204 630 1463 704 narrrsrn
1480 630 1663 735 ‘morus

624 813 718 894 dum
746 836 831 893 esse
854 808 1024 910 docent,
1047 830 1095 892 ut
1121 840 1145 892 a
1172 812 1467 921 compositione
1485 805 1716 891 mechanica
1740 832 1821 886 non
1842 824 1993 891 tanturn

623 934 755 1040 gradu
772 933 843 1014 sed
866 934 1049 1041 specifice
1069 934 1249 1033 differat,
1272 953 1313 1013 et
1331 958 1588 1043 nequaquam
1606 931 1651 1009 in
1668 929 1995 1037 juxta-positione

620 1054 911 1135 molecularum
944 1056 1143 1134 consistat.
1181 1056 1345 1135 Nullam
1376 1057 1420 1132 in
1453 1052 1655 1162 producto
1694 1054 1999 1160 compositionis

621 1177 808 1259 chemicar
827 1175 1010 1285 perfectae
1030 1177 1199 1255 existere
1217 1176 1360 1257 dicunt
1379 1173 1637 1281 particulam,
1661 1202 1751 1283 quae
1768 1202 1909 1255 massae
1926 1177 2001 1256 toti

618 1300 868 1405 homogenea
885 1324 970 1379 non
988 1316 1105 1378 esset.
1133 1299 1395 1382 Materianum
1419 1300 1456 1375 A
1479 1313 1521 1375 et
1543 1298 1575 1374 B
1596 1296 1696 1375 unio
1716 1296 1913 1399 chemica,
1937 1300 2000 1377 in-

619 1424 787 1531 quiunt,
808 1423 853 1498 in
871 1450 920 1498 eo
942 1420 1134 1527 ponenda
1156 1439 1237 1519 est,
1259 1437 1307 1501 ut
1332 1419 1434 1499 ratio
1455 1421 1607 1497 virium
1628 1420 1938 1521 originariarum
1951 1480 1961 1517 ,
1975 1448 2000 1499 a

624 1544 706 1651 qud
737 1542 824 1620 sold
849 1540 1061 1619 sensibiles
1091 1541 1348 1639 materiarum
1379 1540 1669 1644 proprietates,
1699 1565 1840 1616 earum
1874 1541 2001 1643 igitur

622 1661 873 1743 diversitates
893 1658 1148 1769 dependent,
1168 1676 1208 1740 et
1228 1662 1271 1739 in
1290 1660 1458 1747 materia
1475 1661 1512 1737 Α
1525 1660 1622 1737 etin
1641 1659 1806 1737 material
1824 1662 1856 1738 B
1875 1678 2002 1741 cesset

621 1802 779 1866 etnova
798 1811 938 1865 earum
955 1784 1105 1864 virium
1123 1784 1227 1863 ratio
1247 1784 1417 1883 oriatur,
1436 1807 1534 1886 ergo
1549 1781 1593 1860 in
1608 1807 1730 1861 sensu
1748 1782 1999 1863 strictissimo

620 1910 786 1990 materia
804 1934 909 1988 nova
929 1905 1197 2014 producatur,
1216 1907 1260 1985 in
1278 1907 1360 2016 quai
1382 1901 1529 1999 nullibi
1544 1900 1628 2010 jam
1644 1906 1682 1981 A
1704 1920 1746 1983 et
1761 1906 1793 1981 B
1810 1906 2003 2003 existant,

623 2030 748 2135 igitur
771 2030 817 2108 in
838 2030 1019 2108 minimis
1039 2031 1160 2115 etiarn
1186 2027 1366 2138 spatiolis
1389 2025 1564 2135 perfecte
1583 2026 1827 2133 homogenia
1853 2029 1920 2127 sit,
1943 2031 2002 2107 sic

621 2167 751 2257 utper
760 2150 1036 2230 mechanicam
1052 2151 1174 2259 hujus
1187 2150 1377 2260 producti
1396 2148 1566 2229 chemici
1586 2146 1848 2247 divisionem,
1869 2176 2002 2259 quan-

619 2272 771 2352 tumvis
790 2274 1084 2375 continuatam,
1095 2271 1146 2352 ad
1160 2276 1197 2351 A
1210 2274 1295 2350 etB
1309 2271 1502 2353 devenire
1512 2269 1628 2351 nullo
1642 2269 1767 2349 modo
1781 2298 2001 2377 possemus.

673 2465 885 2545 Atomistis
911 2465 1138 2574 objectant,
1166 2465 1280 2576 quod
1316 2464 1358 2544 hi
1385 2464 1584 2544 unionem
1611 2464 1831 2545 chemicam
1857 2482 2003 2574 putent

625 2580 709 2663 esse
722 2586 996 2691 receptionem
1011 2588 1194 2693 corporis
1214 2589 1335 2666 unius
1353 2589 1461 2665 inter
1477 2612 1601 2693 poros
1615 2589 1796 2695 corporis
1819 2586 2001 2689 alteriue,

620 2722 689 2784 aut
694 2704 1061 2813 juxta-positionem
1074 2709 1351 2813 corporisAet
1364 2708 1709 2814 corporisB;non
1721 2710 1847 2813 igitur
1858 2734 1999 2787 secun·

618 2826 717 2907 dum
737 2828 840 2908 hanc
858 2829 1095 2935 opinionem
1117 2826 1300 2935 specifice
1322 2826 1483 2905 dill'erre
1512 2830 1709 2909 unionem
1732 2830 1952 2910 chemicam
1974 2858 1999 2909 a

618 3073 732 3150 tione
745 3067 975 3146 mechanica
984 3125 996 3167 ,
1005 3057 1228 3173 etproinde
1240 3064 1532 3172 separationem
1542 3063 1762 3146 chemicam
1774 3071 1927 3150 etiams
1942 3071 2000 3153 di·

620 3192 777 3272 risione
800 3187 1033 3301 mechanica
1056 3185 1240 3295 specifice
1270 3188 1471 3267 diversam
1491 3214 1575 3266 non
1603 3215 1697 3270 csse.
1727 3191 1839 3292 Quid
1861 3212 1999 3274 autem

620 3327 750 3408 vetat,
775 3337 861 3419 quo
884 3311 1019 3389 minus
1039 3311 1252 3413 atomistae,
1272 3309 1344 3418 qui
1365 3307 1608 3418 profitentur
1625 3339 1667 3391 se
1693 3312 1890 3396 elementa
1907 3345 1995 3396 rea·
2024 3343 2026 3346 ·
2047 3321 2050 3328 ’

619 3433 715 3512 titer
735 3430 934 3538 simplicia
958 3459 1044 3512 non
1068 3452 1582 3542 cognoscere,‘supponant
1602 3436 1646 3514 in
1675 3435 1854 3519 chemicd
1871 3457 1995 3520 mate·

620 3555 826 3633 riarumfi
852 3569 894 3633 et
918 3557 949 3632 B
975 3556 1271 3664 compositione
1296 3551 1494 3635 unionem
1521 3556 1813 3638 clementorum
1839 3561 1993 3668 simpli·
2053 3597 2058 3612 ·

619 2949 760 3030 subtili
787 2950 1002 3055 partitione
1025 2967 1148 3054 atque
1166 2949 1455 3062 particularum
1472 2945 1775 3023 dissimilurinm
1790 2953 2007 3058 composi*

622 3677 732 3754 cium
754 3677 797 3754 in
822 3674 988 3754 materid
1020 3678 1054 3754 A
1079 3693 1121 3755 et
1151 3677 1195 3754 in
1225 3678 1395 3756 materid
1420 3680 1452 3756 B
1483 3703 1654 3780 cessare,
1681 3695 1722 3758 et
1748 3680 1860 3790 quod
1890 3708 1994 3761 nova

620 3795 786 3878 illorum
804 3796 1102 3908 elementorum
1119 3801 1220 3877 unio
1236 3799 1407 3902 oriatur,
1425 3826 1524 3905 ergo
1544 3802 1588 3878 in
1608 3827 1728 3880 sensu
1742 3802 1992 3884 strictissimo

622 3922 790 4026 materia
807 3949 912 4003 nora
932 3918 1198 4031 producatur,
1220 3923 1263 4001 in
1286 3922 1368 4042 qud
1389 3922 1536 4006 nullibi
1556 3925 1592 4003 A
1610 3941 1650 4008 et
1668 3927 1700 4012 B
1721 3926 1900 4006 existant.

675 4113 725 4196 In
746 4116 819 4206 hae
837 4114 1051 4224 hypothesi
1070 4117 1196 4225 quaeri
1216 4143 1302 4208 non
1322 4138 1477 4227 posset,
1492 4119 1703 4230 quomodo
1725 4122 1895 4215 oxidum
1912 4151 1996 4206 me·

624 4227 707 4308 ulli
721 4258 754 4308 e.
770 4257 807 4334 g.
825 4237 981 4340 argenti
1004 4239 1049 4316 in
1067 4237 1183 4318 acido
1204 4241 1350 4322 uitrico
1370 4241 1493 4358 soluti
1511 4243 1579 4324 fiat
1602 4244 1873 4353 pellucidum,
1900 4249 1994 4356 quia

625 4351 677 4433 de
705 4369 872 4456 argento
899 4371 1106 4468 tamquam
1133 4363 1318 4446 existenti
1338 4366 1383 4444 in
1411 4367 1485 4446 istt
1514 4366 1718 4448 solutione
1746 4369 1881 4450 nullus
1909 4395 1992 4448 esse

623 4488 759 4580 posset
778 4495 933 4570 serm03
955 4482 1083 4591 quaeri
1106 4510 1190 4564 non
1212 4505 1364 4592 posset,
1382 4488 1592 4598 quomodo
1611 4517 1662 4574 ex
1683 4492 1834 4572 unione
1854 4491 1991 4596 exige-
