4509 5875
609 687 657 787 ιι
1072 694 1134 762 ιι.
1157 697 1188 763 ι.
1213 693 1509 765 ιιιιιυιιιι

608 873 820 953 tomacula
841 899 925 952 non
949 875 1117 953 omnino
1139 874 1431 956 excluderetur.
1450 878 1502 955 ln
1522 873 1669 955 Schola
1686 869 1896 956 Medicinoe
1911 879 1984 958 1³·-

609 996 786 1090 eistensi,
805 1021 912 1077 anuo
937 993 1057 1105 hujus
1083 997 1216 1078 saeculi
1242 999 1386 1102 tertio,
1407 1000 1550 1106 primis
1572 1013 1747 1108 quatuor
1769 997 1886 1078 annis
1901 1023 1988 1080 scu

607 1107 933 1200 moneFrancico
953 1115 1099 1198 utendi
1119 1119 1238 1196 venia
1253 1134 1317 1197 est
1340 1116 1461 1197 data:
1483 1117 1636 1228 quibus
1653 1117 1799 1228 elapsio
1818 1117 1987 1200 dorm

608 1239 673 1320 lex
702 1240 770 1319 illa
800 1257 886 1319 erat
911 1239 1126 1342 servanda,
1153 1239 1297 1348 quiet
1321 1239 1611 1324 Professores
1599 1268 1645 1320 m
1670 1240 1923 1321 instituendo
1943 1258 1987 1320 ot

609 1360 837 1470 discipuli
826 1391 870 1442 ιιι
900 1361 1106 1443 audiendo
1134 1381 1175 1443 et
1210 1364 1496 1472 respondendo
1520 1367 1669 1446 Latina
1696 1364 1846 1471 [mgna
1872 1362 1992 1444 dobe-

607 1481 708 1562 bant
737 1507 822 1563 esse
853 1509 993 1564 rursus
1023 1485 1199 1588 adsueti,
1226 1503 1268 1564 et
1284 1511 1368 1596 qua
1393 1513 1468 1567 nec
1486 1490 1723 1599 quisquam,
1743 1485 1823 1566 nisi
1839 1485 1990 1566 studiis

581 1701 584 1706 Ι
608 1621 649 1682 et
663 1605 916 1687 examinibus
934 1609 988 1686 ita
1006 1610 1197 1716 peractis,
1212 1610 1401 1690 Doctoris
1422 1607 1619 1716 dignitate
1639 1609 1901 1690 condecorari
1914 1635 1990 1719 po·

606 1726 694 1804 tuit
722 1726 883 1830 Quodsi
913 1727 1081 1812 fortasse
1105 1731 1201 1811 hinc
1231 1731 1329 1812 inde
1365 1731 1596 1837 neglecmm
1617 1729 1777 1810 sithoc
1810 1757 1988 1836 ptmcepv

610 1861 724 1950 tum,
746 1851 909 1929 nonnisi
947 1853 1077 1933 abusu
1104 1872 1146 1934 et
1171 1856 1216 1936 in
1254 1855 1601 1963 contemptionem
1633 1852 1735 1958 legis
1764 1852 1809 1930 id
1841 1850 1991 1930 factum

606 1990 690 2044 esse
717 1970 945 2073 putandum
982 1989 1052 2054 cst.
1090 1975 1243 2056 Studiis
1274 1994 1409 2056 autem
1438 1974 1739 2110 praeparatoriis·
1766 1970 1989 2078 neglectis,

605 2085 762 2168 admitti
785 2091 1043 2177 solummodo
1080 2101 1173 2208 quis
1197 2098 1411 2180 debebat
1399 2124 1453 2178 ιιι
1466 2097 1613 2178 scholis
1649 2093 1875 2203 conjunctis
1909 2093 1989 2173 illis

605 2235 699 2287 cum
721 2208 906 2317 plurimis
936 2216 1102 2296 urbium
1130 2219 1443 2329 provincialium
1470 2218 1674 2328 hospitiis,
1708 2220 1764 2298 ita
1791 2215 1983 2328 quidem

604 2343 651 2409 ut
677 2331 903 2411 secundum
935 2337 1176 2414 sententiam
1214 2339 1315 2441 legis
1344 2367 1514 2441 omnes,
1543 2341 1616 2445 qui
1653 2367 1703 2419 ex
1731 2339 1795 2418 ιιι
1835 2335 1985 2423 scholis
2051 2379 2056 2389 ,

605 2452 871 2558 prodiissent,
899 2457 1049 2534 minori
1077 2473 1235 2536 tantum
1264 2454 1489 2562 Chirurgiae
1527 2456 1737 2559 destinati,
1775 2478 1987 2563 nunquam

604 2573 655 2655 ad
673 2576 862 2656 Doctoris
882 2575 1060 2658 honores
1091 2593 1257 2686 possent
1282 2579 1550 2685 pervenire.
1917 2564 1919 2571 X

654 2839 822 2918 Etiamsi
843 2863 939 2916 vero
957 2839 1002 2918 in
1023 2863 1149 2945 regno
1170 2835 1507 2947 Franco-gallico,
1524 2835 1756 2947 reipublicae
1777 2865 1986 2953 proceres
2028 2933 2033 2939 ¹

603 2961 806 3039 continuis
838 2957 955 3033 bellis
983 2974 1024 3033 et
1056 2958 1395 3067 occupationibus
1422 2961 1598 3064 avocati,
1624 2988 1712 3039 non
1738 2960 1915 3049 multum
1935 2960 1986 3038 de

600 3077 738 3182 lingua
755 3074 894 3155 Latina
920 3074 1173 3172 laborarent,
1198 3079 1261 3152 lex
1293 3079 1362 3149 illa
1387 3082 1624 3179 paullatim
1614 3100 1658 3151 ιιι
1677 3073 1987 3170 desuetudinem

602 3199 714 3279 abire
736 3196 881 3304 coepit,
913 3194 1022 3274 nulla
1049 3211 1187 3273 tamen
1220 3192 1360 3273 habita
1391 3194 1568 3297 ratione,
1604 3193 1718 3272 lex
1707 3222 1792 3301 ipsa
1827 3214 1985 3317 exstat

601 3345 824 3427 omnesque
843 3317 1007 3425 Imperii
1027 3314 1171 3395 Gallici
1193 3314 1335 3395 incolae
1347 3310 1415 3392 illa
1433 3312 1676 3394 tenebantur
1694 3334 1788 3423 post
1807 3335 1986 3427 quatuor

601 3468 728 3521 annos
771 3439 935 3548 elapsos.
980 3432 1188 3518 Lubenter
1234 3436 1361 3516 fateor
1400 3437 1524 3543 igitur
1570 3438 1615 3515 in
1655 3455 1795 3518 nostro
1842 3439 1978 3548 legum

602 3564 752 3645 Codioc'
780 3559 1056 3667 consignando
1081 3560 1189 3639 sumi
1215 3557 1612 3660 debebat‚·lat1uum
1630 3587 1864 3648 sermonem
1896 3562 1982 3671 jam

595 3715 625 3768 a
650 3685 772 3795 longo
792 3684 888 3767 iude
909 3696 1093 3794 tempore
1119 3684 1313 3765 ιιιιιιιιιιιι
1336 3680 1483 3787 luisse,
1514 3682 1854 3792 quandoquidem
1880 3712 1981 3794 qua·

601 3826 698 3891 tuor
719 3808 778 3889 illi
816 3810 933 3910 anni,
958 3808 1110 3918 quibus
1139 3804 1393 3911 indulgentia
1421 3806 1859 3912 circumscribentur,
1887 3808 1980 3916 plus

605 3934 758 4042 duplici
771 3932 858 4013 vico
873 3930 1066 4013 abierant.
1087 3929 1243 4013 Debuit
1261 3946 1397 4011 autam
1422 3929 1624 4037 legislator
1641 3948 1858 4040 propterea
1874 3958 1981 4047 quo·

603 4046 683 4165 que
710 4056 924 4163 praecipere
944 4056 1134 4157 Latinum
1160 4078 1412 4157 sermonem,
1425 4054 1523 4163 quia
1541 4082 1650 4139 smus
1672 4056 1740 4137 ille
1770 4055 1890 4163 {ilaue
1905 4080 1978 4159 ge,-

604 4174 750 4257 ueralis
785 4193 876 4279 est,
906 4194 947 4256 et
972 4178 1069 4287 quia
1094 4175 1212 4257 bonae
1232 4177 1455 4257 Latinitatis
1487 4175 1668 4259 studium
1697 4204 1819 4256 manu
1863 4175 1975 4283 quasi

603 4299 714 4380 ducit
729 4292 782 4378 'ad
803 4292 944 4383 omnes
967 4299 1051 4380 iere
1074 4299 1172 4380 elias
1189 4299 1440 4408 disciplinas,
1459 4302 1504 4383 ιιι
1523 4296 1655 4413 iisqne
1672 4294 1977 4379 mmcddiscen-

601 4423 663 4504 dis
684 4420 1002 4505 efficacissimum
1019 4440 1174 4533 prostat
1190 4423 1397 4504 auxilium.
1416 4424 1561 4539 Neque
1583 4420 1797 4537 ιιιιιιιιιιιιιι
1818 4423 1977 4530 ignorat

601 4550 644 4627 in
671 4548 732 4629 his
749 4548 866 4629 terris
896 4547 1164 4631 dilicillimum
1182 4576 1288 4650 esse,
1308 4548 1433 4631 alium
1452 4551 1599 4659 eligere
1623 4570 1877 4642 sermonem,
1897 4546 1968 4655 qui
2012 4627 2018 4636 ,
