4509 5875
616 583 662 656 36
833 679 842 694 ι
970 589 976 596 ‘·
1181 591 1483 675 srsrurs,

1236 771 1358 893 §nt

670 962 804 1069 Opera
833 975 1034 1068 reportata
1058 987 1082 1043 e
1107 961 1287 1043 Custode
1316 966 1362 1042 in
1381 963 1527 1044 eodem
1545 956 1652 1045 libro
1670 963 1846 1048 notandi
1864 985 1982 1070 sunt,

615 1084 770 1194 ndjeeto
795 1083 861 1166 die
890 1085 1158 1166 restitutionis
1184 1086 1441 1196 nominisque
1470 1086 1778 1196 subscriptione.

1237 1271 1359 1378 §itt

666 1462 856 1551 Retinere¹
886 1486 1021 1550 autem
1061 1469 1190 1550 libros
1218 1469 1477 1551 Bibliothecae
1516 1497 1591 1579 per
1624 1487 1760 1552 totum
1793 1489 1986 1552 semestre
2062 1542 2068 1552 ,

613 1611 774 1703 tempus
809 1592 923 1696 licet,
951 1594 1030 1672 nisi
1067 1594 1170 1673 alius
1203 1619 1254 1674 ex
1287 1591 1584 1706 Professoribus
1613 1592 1777 1673 eosdem
1810 1595 1985 1702 petierit

615 1716 741 1820 Quod
768 1718 813 1796 si·
834 1715 984 1798 factum
1024 1714 1173 1821 fuerit,
1208 1714 1408 1797 reddendi
1446 1733 1543 1797 sunt
1581 1717 1688 1795 intra
1726 1714 1986 1797 dimidiatum

613 1867 794 1918 mensem
813 1838 1055 1920 abiudicati
1074 1841 1337 1948 repetitione,
1357 1842 1391 1918 si
1410 1842 1568 1949 primus
1588 1840 1737 1919 mensis
1753 1839 1837 1947 jum
1862 1838 1988 1920 fuerit

494 2067 499 2072 Ι
614 1962 791 2069 elapsum
818 1963 881 2040 sin
903 1961 1059 2060 miuus,
1075 1987 1146 2040 sex
1174 1962 1282 2045 intra
1308 1963 1551 2072 septimanus
1579 1961 1705 2044 abeo
1730 1960 1798 2044 die
1827 1989 1912 2071 quo
1935 1989 1991 2044 ex

614 2081 863 2164 sibuothsot
884 2099 980 2166 sunt
1003 2082 1183 2164 exhibiti.
1618 2101 1628 2110 ·

1171 2283 1177 2294 .
1251 2277 1361 2374 ev.-

671 2468 820 2550 Ultimt
839 2469 962 2549 unius
983 2409 1180 2577 cujusque
1202 2467 1404 2548 semestris
1426 2469 1623 2576 temporis
1645 2467 1864 2577 septimani
1887 2420 1990 2547 libri

618 2618 758 2673 omnes
780 2620 825 2672 uc
843 2589 991 2697 singuli
1013 2591 1057 2668 in
1075 2588 1365 2670 Bibliothecam
1387 2608 1483 2670 sunt
1512 2589 1770 2699 reportandi,
1789 2587 1900 2670 unde
1919 2617 1990 2671 se-

618 2714 749 2793 cundi
774 2713 940 2792 demum
963 2711 1154 2790 feriarum
1180 2708 1456 2816 hebdomade,
1484 2713 1714 2818 praescripto
1747 2717 1773 2814 §
1801 2713 1819 2792 1
1842 2711 1990 2792 obser—

617 2852 734 2934 veto,
752 2835 880 2943 repeti
901 2847 1080 2941 possunt
1133 2899 1137 2908 .
1238 2940 1264 3035 §
1291 2934 1348 3015 VI

670 3133 883 3221 Termine„
897 3154 1019 3238 supra
1041 3126 1226 3223 indicatis
1249 3128 1392 3235 elapsis
1413 3154 1488 3210 nee
1507 3126 1623 3208 libris
1647 3114 1991 3237 uProfessoribns

618 3253 789 3349 redditis
811 3250 1000 3337 custodis
1026 3268 1086 3331 est
1111 3278 1181 3350 eos
1209 3248 1436 3331 admonere.
1467 3249 1594 3352 Quod
1618 3252 1653 3331 si
1676 3254 1781 3331 intm
1807 3268 1989 3361 quatuor

620 3376 706 3459 dies
723 3375 774 3458 sb
793 3375 866 3465 hic
884 3374 1160 3471 admonitione
1178 3374 1255 3481 legi
1264 3372 1450 3455 nondum
1467 3372 1743 3473 satisfecerint,
1750 3400 1830 3483 pro,
1844 3377 2006 3483 quiris,

618 3498 809 3579 ulteriore
830 3495 1105 3603 admonitione
1123 3514 1269 3609 quarto
1290 3522 1459 3605 quoque
1478 3494 1544 3575 die
1567 3494 1788 3604 repetendi
1803 3495 1988 3605 Custodi

620 3622 797 3704 florenus
826 3647 901 3730 pro
928 3622 1068 3703 Museo
1092 3618 1336 3703 Aoedemic'o
1358 3615 1575 3700 solvendus
1595 3633 1666 3696 est
1691 3613 1695 3623 '

1190 3800 1373 3916 svn.
1514 3792 1518 3797 ’

633 3974 731 4087 ’,Εκ
757 3994 1004 4077 Bibliothect
1033 3997 1201 4077 omnino
1230 3990 1424 4104 asportari
1445 4018 1530 4073 non
1556 3990 1728 4103 possunt
1755 4009 1837 4073 tum
1861 4016 1983 4099 opera

618 4120 769 4228 majora
796 4137 837 4199 et
865 4102 1083 4227 generalia,
1102 4147 1192 4229 quae
1215 4115 1265 4197 ud
1288 4115 1557 4198 evolvendum·
1579 4118 1801 4227 unicuique
1824 4138 1984 4221 semper

618 4258 831 4353 suppetere
843 4232 1013 4343 deberit,
1030 4238 1083 4323 ‘ut
1094 4239 1213 4321 Libri
1226 4226 1540 4349 Bibliographici
1558 4300 1569 4343 ,
1588 4238 1809 4340 Thesauri,
1838 4230 2005 4345 Lexica'

518 4426 521 4434 f
616 4364 768 4475 Majora
788 4382 883 4466 eto,
902 4394 1027 4477 quam
1058 4393 1180 4477 opera
1208 4363 1420 4475 splendida
1434 4383 1487 4445 'et
1504 4365 1700 4476 pretiosa,
1722 4390 1817 4442 cum
1842 4359 1982 4465 fig‘uris

517 4525 520 4534 ¹
619 4490 686 4572 teri
712 4490 847 4573 incisis
879 4487 972 4590 ote.;
991 4513 1169 4600 quorum
1190 4484 1405 4596 Cetelogns
1423 4496 1487 4570 ‘est
1507 4473 1793 4568 conficiendus.
1817 4478 1978 4583 Quodsi
