4509 5875
579 685 826 760 amrorsro
850 687 915 758 an
938 686 1103 776 Quusr.
1129 690 1267 762 suurn.
1297 647 1305 665 '
1562 682 1617 764 aa,

884 869 912 1011 ς
940 942 967 988 ι.

304 1129 420 1241 Quid
438 1129 488 1209 de
509 1128 722 1209 auditione
734 1116 754 1222 ,’
773 1145 967 1234 quatenus
991 1127 1053 1205 ad
1073 1127 1373 1212 tmmlamnem
1393 1133 1562 1218 domini

499 1268 721 1374 requiritur,
735 1267 832 1373 jure
851 1262 1053 1344 Hodierno
1074 1261 1370 1348 sumamma

300 1510 360 1590 Ex
379 1511 428 1589 iis
444 1536 537 1619 quac
552 1508 603 1589 ad
623 1512 886 1620 quaestionem
904 1507 1121 1590 secundam
1139 1510 1524 1610 retulimus,certius
1537 1513 1612 1596 fac·
1663 1616 1669 1621 ἱ

247 1647 338 1708 tum
360 1647 443 1725 est,
463 1629 724 1710 traditionem
752 1658 836 1708 non
858 1657 906 1707 ex
927 1631 1014 1735 ipsi
1035 1656 1174 1708 rerum
1199 1633 1344 1712 natura
1373 1633 1612 1732 desiderari,

243 1748 319 1838 ¹sed
342 1749 432 1856 jure
454 1750 562 1828 civili
589 1748 697 1858 apud
716 1751 918 1828 Romanos
946 1775 995 1826 ex
1024 1752 1154 1828 causis
1180 1754 1349 1831 omuino
1376 1750 1520 1832 validis
1547 1781 1613 1833 re-

246 1873 438 1980 quisitam
466 1870 611 1969 fuisse,
639 1871 704 1979 jus
733 1889 868 1952 autem
896 1871 1123 1948 Romanum
1143 1873 1204 1949 uti
1237 1899 1362 1950 omne
1388 1873 1501 1981 quod
1520 1893 1614 1954 ante

247 1991 410 2074 Codicis
422 1993 565 2072 Gallici
583 1992 807 2074 hodiedum
821 1995 866 2071 in
879 1992 1013 2071 nostri
1023 1992 1189 2095 regione
1204 1993 1413 2072 existentis
1429 1994 1613 2100 publica·

245 2113 405 2224 tionem,
417 2114 593 2218 valebat,
613 2113 850 2221 abrogatum
878 2131 937 2196 est
959 2114 1004 2192 in
1023 2111 1132 2192 hisce
1153 2111 1293 2193 saltem
1311 2118 1494 2223 punctis,
1514 2143 1614 2225 quo·

244 2261 339 2312 rum
356 2237 521 2314 materia
538 2236 616 2315 hoc
636 2252 775 2315 nostro
790 2236 941 2316 Codice
957 2249 1162 2314 tractatur.
1172 2236 1282 2339 Ergo
1300 2237 1398 2345 quia
1409 2238 1453 2314 iu
1463 2236 1615 2316 Codice
1701 2274 1705 2282 ·

246 2354 404 2444 Gallico
418 2355 471 2432 de
492 2353 663 2448 dominii
677 2347 938 2428 translatione
956 2355 1090 2453 agitur
1106 2355 1181 2454 (a),
1195 2355 1291 2430 ideo
1311 2383 1396 2433 non
1415 2384 1461 2436 ea
1475 2358 1520 2435 in
1538 2357 1614 2436 do'·

244 2476 384 2554 miniis
406 2469 694 2552 transferendis
721 2472 939 2578 quaerimus
969 2495 1061 2580 quae
1085 2469 1187 2551 olim
1212 2471 1519 2580 quaerebantur,
1541 2478 1616 2558 sed
1641 2569 1646 2574 ,

246 2621 294 2673 ea
309 2593 513 2672 dumtaxat
530 2621 620 2702 quac
638 2590 789 2672 Codice
799 2591 958 2670 Gallico
979 2593 1187 2698 speciatim
1204 2608 1446 2672 eumanum
1461 2595 1615 2675 Viden·

243 2715 349 2795 dum
375 2742 493 2820 ergo,
514 2741 566 2793 an
588 2730 629 2792 et
646 2712 905 2823 quandonam
924 2711 1062 2793 Codex
1081 2711 1260 2792 Gallicus
1279 2713 1547 2808 traditionem·
1563 2717 1616 2798 ad

240 2836 551 2918 translationem
584 2836 755 2935 dominii
783 2833 1088 2945 requiratahoc
1116 2851 1251 2914 autem
1277 2852 1325 2914 ut
1345 2835 1493 2917 clarius
1520 2838 1615 2939 fiat,

246 2960 541 3065 distinguamus
553 2985 708 3056 rursus,
726 2960 786 3037 uti
798 2975 890 3038 ante
907 2956 1094 3056 fecimus,
1109 2960 1217 3036 inter
1234 2961 1366 3038 varios
1386 2959 1536 3066 quibus
1547 2960 1616 3041 do·

244 3082 373 3159 minia
388 3073 591 3153 transferri
600 3092 771 3178 possunt
780 3078 933 3147 modos.
944 3074 1171 3149 Transfcmi
1186 3094 1322 3159 autem
1333 3077 1513 3157 dominia
1526 3109 1615 3185 pos.

248 3216 346 3280 sunt
357 3196 422 3280 rel
432 3192 747 3294 accessione,vel
755 3192 1056 3301 praescriptione
1066 3195 1152 3297 (art
1162 3196 1273 3299 712),
1283 3194 1348 3274 vel
1362 3199 1613 3281 successione

251 3320 304 3401 ab
324 3324 533 3421 intestato,
551 3316 616 3396 vel
640 3331 733 3397 actu
748 3313 898 3393 ultimae
918 3312 1157 3412 voluntatis,
1172 3313 1237 3393 rel
1253 3331 1344 3395 actu
1361 3317 1469 3397 iuter
1486 3322 1613 3403 rivos

304 3550 354 3629 In
370 3544 567 3627 dominiis
589 3542 812 3623 accessione
829 3541 894 3621 vel
911 3544 1212 3651 praescriptione
1227 3542 1516 3624 ‘uansferendis
1533 3560 1614 3622 tra·

242 3669 451 3749 ‘ditionem
466 3693 554 3747 non
571 3667 730 3765 venire,
749 3665 838 3773 ipsa
855 3665 1090 3745 accessionis
1106 3682 1151 3745 et
1164 3666 1478 3772 prescriptionis
1495 3663 1616 3746 docet

253 3788 446 3872 definitio.
902 3782 917 3827 ⁸

306 4016 355 4091 In
385 4014 574 4093 dominiis
610 4008 857 4092 successione
885 4006 936 4092 ab
961 4008 1151 4092 intestato
1176 4008 1464 4090 transferendis
1489 4008 1615 4092 tradi·

249 4140 408 4217 tionem
422 4137 528 4251 leges
538 4160 623 4212 nnn
636 4153 844 4242 *quaerunt
860 4135 933 4215 sed
953 4135 1061 4215 bona
1079 4133 1129 4214 ad
1143 4131 1415 4213 haereditatem
1433 4150 1635 4241 spectan-¹

252 4261 313 4338 tia
336 4261 381 4337 in
402 4256 604 4337 haeredem
632 4256 854 4362 legitimum
880 4274 950 4337 aut
975 4254 1073 4336 alios
1102 4256 1174 4365 qui
1195 4282 1245 4335 ex
1268 4253 1355 4359 lege
1369 4254 1615 4354 succedunt,

301 4502 349 4592 (r)
363 4501 490 4591 Nempe
506 4500 652 4567 articulis
667 4444 778 4590 postea
791 4498 902 4569 cirrus
919 4514 953 4567 et
966 4496 1088 4567 Codice
1109 4494 1202 4563 cirili
1218 4497 1337 4589 passim
1352 4496 1470 4567 obriic
