4509 5875
599 667 843 748 maronam
868 671 932 743 an
956 669 1125 763 oolam.
1151 668 1295 741 roam.
1566 672 1625 754 a.»

259 853 993 952 existimamusscmcefflanmnaait
1009 852 1066 952 (ι)
1085 881 1094 932 :
1110 852 1618 954 «Nilcooaemnitomcope

259 979 429 1053 crarium
446 985 518 1062 est,
546 971 619 1072 qui
642 969 753 1046 bonae
760 969 867 1072 fidei
875 967 1039 1071 judicata
1055 965 1238 1058 ausones,
1266 989 1395 1072 quam
1409 973 1472 1050 ιιίι
1498 989 1622 1080 atquc

257 1109 404 1184 mons,
425 1117 543 1197 quam
551 1090 808 1195 comprobare
826 1101 967 1166 contra
975 1089 1229 1166 bonosmorcs
1248 1104 1313 1166 est
1332 1087 1484 1168 »Unde
1501 1121 1524 1168 a
1541 1095 1627 1201 qni·

256 1211 426 1294 busdam
443 1209 693 1310 informant
706 1208 845 1287 saltem
861 1221 946 1286 non
961 1206 1099 1286 adesse
1113 1230 1376 1310 consensum,
1389 1208 1466 1287 ubi
1485 1215 1621 1294 omnia

254 1349 452 1438 geruntur
471 1331 694 1414 secundum
714 1329 864 1410 bonam
881 1329 1013 1410 fidem.
1029 1329 1139 1433 Hoc,
1158 1331 1347 1440 inquam,
1367 1328 1530 1438 Ulpiani
1543 1360 1626 1414 ver·

253 1453 355 1535 bum
374 1451 460 1536 non
487 1458 543 1535 ita
567 1451 845 1564 accipiendum
866 1470 944 1558 est,
960 1453 1020 1534 uti
1048 1452 1214 1561 quidam
1232 1455 1450 1562 accipiant,
1475 1455 1548 1538 sed
1565 1457 1623 1536 sic

252 1575 589 1688 intelligendum:
609 1605 656 1658 ea
684 1604 760 1657 nec
788 1575 910 1658 bonis
932 1575 1125 1676 ,moribus
1149 1603 1224 1655 nec
1251 1576 1410 1682 legibus
1435 1605 1622 1688 compro·

252 1696 365 1800 bari,
395 1723 487 1806 quae
509 1701 550 1777 ii
570 1710 639 1776 aut
656 1706 768 1776 metu
791 1698 913 1799 fiunt,
936 1697 1008 1775 etsi
1035 1722 1119 1800 non
1137 1695 1231 1776 ideo
1253 1700 1389 1779 minus
1415 1698 1498 1782 bac
1522 1701 1620 1779 laem
1765 1706 1768 1710 ’

250 1819 356 1916 aint3
375 1820 419 1900 in
437 1822 569 1930 specie
583 1835 738 1904 nostrae.
752 1847 886 1929 neque
906 1818 1089 1898 moribus
1106 1812 1242 1929 neque
1261 1818 1419 1925 legibus
1440 1845 1619 1929 compro·

248 1937 340 2021 bari
354 1943 413 2020 rei
433 1941 604 2022 dominii
621 1941 922 2022 translationem
935 1957 1046 2020 metu
1058 1956 1127 2020 aut
1139 1941 1180 2019 vi
1197 1967 1443 2044 concessam,
1460 1958 1519 2020 ast
1531 1969 1619 2023 non

246 2061 342 2140 ideo
365 2063 500 2142 minna
518 2063 580 2142 rei
600 2062 827 2146 dominium
846 2063 1080 2150 translatum
1101 2089 1187 2142 esse
1204 2061 1272 2170 (a).
1300 2064 1425 2143 Porro
1450 2059 1513 2142 his
1544 2065 1616 2172 qui

245 2183 288 2260 vi
306 2199 376 2264 aut
387 2201 501 2268 metu
523 2189 649 2267 coacti
662 2190 706 2267 in
725 2185 1027 2268 translationem
1036 2184 1209 2265 dominii
1225 2185 1499 2285 consentiunt,
1511 2186 1615 2264 actio

245 2305 356 2408 qaod
373 2328 498 2388 metm
515 2309 641 2392 camd
665 2308 990 2402 antemodani
1014 2323 1091 2404 est,
1116 2304 1436 2418 personalissed
1460 2306 1506 2384 in
1527 2327 1616 2383 rem

244 2426 412 2532 scripta,
431 2437 478 2505 ut
499 2417 674 2500 delectui
695 2419 754 2498 rei
773 2415 1056 2500 vindicationis
1073 2426 1426 2525 summam—(Q
1448 2481 1468 2490 ..

292 2649 417 2730 vonit
430 2648 515 2758 jam
538 2648 640 2758 quid
663 2646 935 2758 adjiciendam
960 2645 1011 2726 dc
1038 2645 1161 2748 dolo,
1182 2663 1226 2726 et
1246 2661 1435 2755 putamus
1452 2649 1613 2757 denno,

242 2774 305 2853 uti
337 2799 412 2856 aec
448 2775 490 2853 vi
524 2799 600 2854 nac
631 2789 761 2875 metu,
796 2773 853 2850 sic
890 2797 965 2849 nec
998 2767 1095 2848 dolo
1134 2769 1325 2879 impediri
1357 2784 1620 2856 ἰιιιιιιιιιιιιιιιιιΙ

241 2895 400 3005 Nempe
417 2897 478 2978 uti
492 2923 570 2977 nec
584 2897 644 2977 vis
661 2923 737 2977 nac
756 2909 888 2975 metus
905 2891 1067 2977 obstant
1084 2895 1314 2999 consensui,
1336 2895 1409 2977 aad
1431 2893 1611 2977 efficiant

205 3116 209 3123 ,
241 3034 452 3099 cannam
477 3046 695 3099 consensus
714 3036 913 3127 ponatnr‚
930 3019 988 3097 sic
1012 3044 1087 3095 nec
1111 3014 1246 3114 dolm,
1269 3020 1343 3126 qui
1360 3036 1500 3099 contra
1518 3045 1611 3099 con·

241 3160 408 3215 sensnm
420 3130 543 3211 allicit
561 3161 570 3209 :
589 3146 630 3211 et
642 3129 745 3210 illud
764 3138 907 3210 lortius
924 3149 984 3210 est
996 3140 1165 3240 insuper
1186 3140 1230 3215 ia
1248 3138 1362 3237 dolo,
1379 3139 1494 3245 qnod
1511 3168 1609 3215 con·

244 3282 386 3337 sensus
408 3254 505 3335 dolo
532 3270 672 3363 captus
700 3254 867 3336 omnino
895 3252 999 3335 liber
1026 3271 1200 3359 maneat,
1225 3282 1320 3338 cum
1342 3257 1382 3336 vi
1408 3274 1479 3337 aut
1497 3276 1610 3340 metu

243 3394 425 3463 extortus
452 3372 613 3461 coactus
644 3402 861 3457 consensus
884 3376 962 3457 fiat.
989 3378 1040 3457 Et
1065 3376 1145 3459 hoc
1175 3405 1341 3491 quoque
1371 3378 1609 3460 confirmant

242 3498 353 3603 leges
387 3494 692 3612 quamplnrimae
722 3498 765 3575 in
792 3524 962 3605 corpore
985 3498 1085 3607 juris
1110 3501 1257 3606 passim
1284 3498 1435 3603 obviae,
1459 3501 1609 3611 quibus

242 3620 441 3698 sancitum
464 3634 539 3722 est,
563 3632 612 3698 ut
633 3618 754 3697 etiam
776 3636 1001 3703 contractus
1027 3620 1227 3731 quilibet,
1252 3624 1335 3704 sive
1353 3624 1470 3703 bonae
1492 3618 1607 3722 fidei,

238 3740 325 3819 sive
343 3742 469 3821 stricti
488 3740 606 3849 juris,
625 3756 666 3819 et
685 3742 719 3820 si
740 3743 836 3851 ipsis
865 3743 983 3825 dolus
1005 3770 1162 3825 oausam
1189 3744 1362 3847 dederit,
1383 3762 1453 3825 aut
1470 3747 1515 3819 in
1534 3767 1604 3821 eos
1629 3804 1646 3847 4

241 3877 397 3942 tantum
418 3862 625 3965 inciderit,
642 3864 724 3943 sint
744 3864 875 3945 validi.
903 3868 1064 3947 Etenim
1086 3869 1196 3949 siin
1216 3862 1501 3967 contractibus,
1532 3882 1627 3943 cu-'

238 3980 478 4097 juscumquc
517 3986 674 4093 generis
712 3988 813 4087 sint,
852 3988 1021 4072 sufficiat
1062 4016 1279 4072 consensus
1312 3986 1415 4069 'dolo
1446 4004 1601 4097 captus,

283 4232 334 4322 (a)
354 4236 391 4301 L.
405 4234 468 4300 ιι6
482 4232 516 4300 ll.
527 4236 569 4302 de
582 4239 659 4329 Reg.
670 4242 764 4308 luris.

282 4354 332 4447 (ι)
347 4357 538 4424 Maumssnn
555 4360 597 4426 ad
614 4359 661 4426 tit.
677 4360 715 4427 ll.
730 4364 820 4451 qood
834 4381 938 4433 matus
953 4368 1049 4433 causa
1064 4376 1080 4444 ς
1095 4388 1124 4432 a.

283 4476 332 4565 (d)
353 4480 418 4547 'ria
432 4478 467 4545 ll.
480 4480 572 4571 quod
585 4498 691 4553 matus
704 4488 808 4551 oasa.
832 4468 838 4480 ⁸

434 4606 479 4676 ΙΙ.
