<?xml version="1.0" encoding="UTF-8"?>
<!DOCTYPE html PUBLIC "-//W3C//DTD XHTML 1.0 Transitional//EN"
    "http://www.w3.org/TR/xhtml1/DTD/xhtml1-transitional.dtd">
<html xmlns="http://www.w3.org/1999/xhtml" xml:lang="en" lang="en">
 <head>
  <title>
</title>
<meta http-equiv="Content-Type" content="text/html;charset=utf-8" />
  <meta name='ocr-system' content='tesseract 3.04.00' />
  <meta name='ocr-capabilities' content='ocr_page ocr_carea ocr_par ocr_line ocrx_word'/>
</head>
<body>
  <div class='ocr_page' id='page_1' title='image "annalesacademia00goog_0258.png"; bbox 0 0 4509 5875; ppageno 0'>
   <div class='ocr_carea' id='block_1_1' title="bbox 634 529 1764 650">
    <p class='ocr_par' dir='ltr' id='par_1_1' title="bbox 634 529 1764 650">
     <span class='ocr_line' id='line_1_1' title="bbox 634 529 1764 650; baseline -0.002 -2"><span class='ocrx_word' id='word_1_1' title='bbox 634 577 682 650; x_wconf 85' lang='lat' dir='ltr'>os</span> <span class='ocrx_word' id='word_1_2' title='bbox 876 577 1116 650; x_wconf 72' lang='lat' dir='ltr'>autumem</span> <span class='ocrx_word' id='word_1_3' title='bbox 1139 571 1239 643; x_wconf 79' lang='lat' dir='ltr'>usn.</span> <span class='ocrx_word' id='word_1_4' title='bbox 1263 529 1381 645; x_wconf 72' lang='lat' dir='ltr'>vrci.</span> <span class='ocrx_word' id='word_1_5' title='bbox 1407 576 1502 646; x_wconf 76' lang='lat' dir='ltr'>vsu</span> <span class='ocrx_word' id='word_1_6' title='bbox 1525 576 1619 646; x_wconf 79' lang='lat' dir='ltr'>nun</span> <span class='ocrx_word' id='word_1_7' title='bbox 1642 575 1764 646; x_wconf 77' lang='lat' dir='ltr'>usne</span> 
     </span>
    </p>
   </div>
   <div class='ocr_carea' id='block_1_2' title="bbox 632 769 2001 1372">
    <p class='ocr_par' dir='ltr' id='par_1_2' title="bbox 632 769 2001 1372">
     <span class='ocr_line' id='line_1_2' title="bbox 634 769 1996 884; baseline 0.001 -28"><span class='ocrx_word' id='word_1_8' title='bbox 634 774 803 884; x_wconf 81' lang='lat' dir='ltr'>requiri,</span> <span class='ocrx_word' id='word_1_9' title='bbox 822 771 1025 881; x_wconf 80' lang='lat' dir='ltr'>siquidem</span> <span class='ocrx_word' id='word_1_10' title='bbox 1040 797 1114 878; x_wconf 87' lang='lat' dir='ltr'>per</span> <span class='ocrx_word' id='word_1_11' title='bbox 1133 769 1303 851; x_wconf 88' lang='lat' dir='ltr'>modum</span> <span class='ocrx_word' id='word_1_12' title='bbox 1318 773 1564 880; x_wconf 70' lang='lat' dir='ltr'>exceptionis</span> <span class='ocrx_word' id='word_1_13' title='bbox 1580 774 1810 879; x_wconf 71' lang='lat' dir='ltr'>requiritur</span> <span class='ocrx_word' id='word_1_14' title='bbox 1819 772 1868 851; x_wconf 81' lang='lat' dir='ltr'>ud</span> <span class='ocrx_word' id='word_1_15' title='bbox 1879 777 1996 857; x_wconf 69' lang='lat' dir='ltr'>trdus</span> 
     </span>
     <span class='ocr_line' id='line_1_3' title="bbox 635 892 1998 1002; baseline 0.001 -25"><span class='ocrx_word' id='word_1_16' title='bbox 635 899 829 978; x_wconf 72' lang='lat' dir='ltr'>lationem</span> <span class='ocrx_word' id='word_1_17' title='bbox 840 892 1076 996; x_wconf 81' lang='lat' dir='ltr'>mobilium,</span> <span class='ocrx_word' id='word_1_18' title='bbox 1096 911 1138 974; x_wconf 93' lang='lat' dir='ltr'>et</span> <span class='ocrx_word' id='word_1_19' title='bbox 1151 895 1334 1002; x_wconf 72' lang='lat' dir='ltr'>exceptio</span> <span class='ocrx_word' id='word_1_20' title='bbox 1347 894 1525 1000; x_wconf 82' lang='lat' dir='ltr'>regulam</span> <span class='ocrx_word' id='word_1_21' title='bbox 1541 893 1674 974; x_wconf 85' lang='lat' dir='ltr'>lirmet</span> <span class='ocrx_word' id='word_1_22' title='bbox 1686 898 1730 975; x_wconf 92' lang='lat' dir='ltr'>in</span> <span class='ocrx_word' id='word_1_23' title='bbox 1748 896 1903 976; x_wconf 79' lang='lat' dir='ltr'>casibus</span> <span class='ocrx_word' id='word_1_24' title='bbox 1914 928 1998 979; x_wconf 89' lang='lat' dir='ltr'>non</span> 
     </span>
     <span class='ocr_line' id='line_1_4' title="bbox 633 1015 2001 1126; baseline 0 -26"><span class='ocrx_word' id='word_1_25' title='bbox 633 1016 927 1126; x_wconf 78' lang='lat' dir='ltr'>exceptisllaec</span> <span class='ocrx_word' id='word_1_26' title='bbox 940 1015 1229 1096; x_wconf 76' lang='lat' dir='ltr'>confirmantur</span> <span class='ocrx_word' id='word_1_27' title='bbox 1240 1016 1375 1096; x_wconf 83' lang='lat' dir='ltr'>verbis</span> <span class='ocrx_word' id='word_1_28' title='bbox 1387 1017 1441 1096; x_wconf 81' lang='lat' dir='ltr'>ab</span> <span class='ocrx_word' id='word_1_29' title='bbox 1452 1018 1682 1098; x_wconf 82' lang='lat' dir='ltr'>oratoribus</span> <span class='ocrx_word' id='word_1_30' title='bbox 1691 1019 1858 1100; x_wconf 84' lang='lat' dir='ltr'>Gallicis</span> <span class='ocrx_word' id='word_1_31' title='bbox 1875 1023 1920 1098; x_wconf 92' lang='lat' dir='ltr'>in</span> <span class='ocrx_word' id='word_1_32' title='bbox 1929 1020 2001 1100; x_wconf 74' lang='lat' dir='ltr'>hle</span> 
     </span>
     <span class='ocr_line' id='line_1_5' title="bbox 632 1137 2000 1249; baseline 0 -29"><span class='ocrx_word' id='word_1_33' title='bbox 632 1141 797 1222; x_wconf 79' lang='lat' dir='ltr'>materii</span> <span class='ocrx_word' id='word_1_34' title='bbox 815 1137 995 1248; x_wconf 77' lang='lat' dir='ltr'>prolatis,</span> <span class='ocrx_word' id='word_1_35' title='bbox 1017 1155 1058 1218; x_wconf 88' lang='lat' dir='ltr'>ct</span> <span class='ocrx_word' id='word_1_36' title='bbox 1078 1137 1341 1218; x_wconf 77' lang='lat' dir='ltr'>traditionem</span> <span class='ocrx_word' id='word_1_37' title='bbox 1355 1155 1562 1249; x_wconf 74' lang='lat' dir='ltr'>tamquam</span> <span class='ocrx_word' id='word_1_38' title='bbox 1577 1163 1731 1222; x_wconf 74' lang='lat' dir='ltr'>merem</span> <span class='ocrx_word' id='word_1_39' title='bbox 1747 1142 1921 1223; x_wconf 79' lang='lat' dir='ltr'>Romani</span> <span class='ocrx_word' id='word_1_40' title='bbox 1936 1141 2000 1249; x_wconf 82' lang='lat' dir='ltr'>ju·</span> 
     </span>
     <span class='ocr_line' id='line_1_6' title="bbox 634 1259 1331 1372; baseline -0.004 -27"><span class='ocrx_word' id='word_1_41' title='bbox 634 1264 691 1344; x_wconf 89' lang='lat' dir='ltr'>ris</span> <span class='ocrx_word' id='word_1_42' title='bbox 710 1261 969 1344; x_wconf 79' lang='lat' dir='ltr'>subtilitatem</span> <span class='ocrx_word' id='word_1_43' title='bbox 995 1259 1331 1372; x_wconf 61' lang='lat' dir='ltr'>improbantibus</span> 
     </span>
    </p>
   </div>
   <div class='ocr_carea' id='block_1_3' title="bbox 613 1469 2008 2556">
    <p class='ocr_par' dir='ltr' id='par_1_3' title="bbox 613 1469 2008 2556">
     <span class='ocr_line' id='line_1_7' title="bbox 684 1469 2001 1585; baseline 0.002 -31"><span class='ocrx_word' id='word_1_44' title='bbox 684 1473 766 1554; x_wconf 87' lang='lat' dir='ltr'>Sed</span> <span class='ocrx_word' id='word_1_45' title='bbox 787 1473 987 1583; x_wconf 84' lang='lat' dir='ltr'>objiciunt</span> <span class='ocrx_word' id='word_1_46' title='bbox 1006 1475 1133 1568; x_wconf 81' lang='lat' dir='ltr'>varis,</span> <span class='ocrx_word' id='word_1_47' title='bbox 1151 1489 1193 1551; x_wconf 88' lang='lat' dir='ltr'>et</span> <span class='ocrx_word' id='word_1_48' title='bbox 1208 1472 1409 1580; x_wconf 87' lang='lat' dir='ltr'>imprimis</span> <span class='ocrx_word' id='word_1_49' title='bbox 1427 1471 1595 1582; x_wconf 88' lang='lat' dir='ltr'>quidem</span> <span class='ocrx_word' id='word_1_50' title='bbox 1617 1489 1687 1554; x_wconf 77' lang='lat' dir='ltr'>art</span> <span class='ocrx_word' id='word_1_51' title='bbox 1711 1469 1830 1572; x_wconf 83' lang='lat'>1583,</span> <span class='ocrx_word' id='word_1_52' title='bbox 1848 1501 1896 1555; x_wconf 90' lang='lat' dir='ltr'>ex</span> <span class='ocrx_word' id='word_1_53' title='bbox 1916 1503 2001 1585; x_wconf 85' lang='lat' dir='ltr'>quo</span> 
     </span>
     <span class='ocr_line' id='line_1_8' title="bbox 618 1591 2005 1700; baseline 0.001 -27"><span class='ocrx_word' id='word_1_54' title='bbox 618 1599 694 1673; x_wconf 81' lang='lat' dir='ltr'>rei</span> <span class='ocrx_word' id='word_1_55' title='bbox 713 1593 886 1675; x_wconf 83' lang='lat' dir='ltr'>venditae</span> <span class='ocrx_word' id='word_1_56' title='bbox 898 1592 970 1673; x_wconf 88' lang='lat' dir='ltr'>sed</span> <span class='ocrx_word' id='word_1_57' title='bbox 984 1591 1339 1672; x_wconf 82' lang='lat' dir='ltr'>nondumtraditae</span> <span class='ocrx_word' id='word_1_58' title='bbox 1351 1591 1580 1670; x_wconf 90' lang='lat' dir='ltr'>dominium</span> <span class='ocrx_word' id='word_1_59' title='bbox 1594 1596 2005 1700; x_wconf 83' lang='lat' dir='ltr'>inemptoremtrans·</span> 
     </span>
     <span class='ocr_line' id='line_1_9' title="bbox 633 1708 2003 1826; baseline 0.002 -32"><span class='ocrx_word' id='word_1_60' title='bbox 633 1715 783 1819; x_wconf 75' lang='lat' dir='ltr'>fertur,</span> <span class='ocrx_word' id='word_1_61' title='bbox 811 1733 985 1826; x_wconf 78' lang='lat' dir='ltr'>respectu</span> <span class='ocrx_word' id='word_1_62' title='bbox 1012 1713 1153 1792; x_wconf 80' lang='lat' dir='ltr'>tabita</span> <span class='ocrx_word' id='word_1_63' title='bbox 1174 1711 1235 1792; x_wconf 81' lang='lat' dir='ltr'>ad</span> <span class='ocrx_word' id='word_1_64' title='bbox 1257 1708 1524 1807; x_wconf 74' lang='lat' dir='ltr'>venditorem,</span> <span class='ocrx_word' id='word_1_65' title='bbox 1553 1713 1737 1826; x_wconf 88' lang='lat' dir='ltr'>adeoque</span> <span class='ocrx_word' id='word_1_66' title='bbox 1761 1742 1846 1794; x_wconf 94' lang='lat' dir='ltr'>non</span> <span class='ocrx_word' id='word_1_67' title='bbox 1873 1732 2003 1798; x_wconf 81' lang='lat' dir='ltr'>truns-</span> 
     </span>
     <span class='ocr_line' id='line_1_10' title="bbox 631 1833 2003 1946; baseline 0.001 -30"><span class='ocrx_word' id='word_1_68' title='bbox 631 1836 776 1938; x_wconf 83' lang='lat' dir='ltr'>lertur‚</span> <span class='ocrx_word' id='word_1_69' title='bbox 790 1842 824 1919; x_wconf 89' lang='lat' dir='ltr'>si</span> <span class='ocrx_word' id='word_1_70' title='bbox 844 1853 1048 1946; x_wconf 87' lang='lat' dir='ltr'>respectus</span> <span class='ocrx_word' id='word_1_71' title='bbox 1074 1835 1273 1915; x_wconf 77' lang='lat' dir='ltr'>habeumr</span> <span class='ocrx_word' id='word_1_72' title='bbox 1289 1834 1341 1914; x_wconf 84' lang='lat' dir='ltr'>ud</span> <span class='ocrx_word' id='word_1_73' title='bbox 1355 1834 1454 1915; x_wconf 86' lang='lat' dir='ltr'>ulios</span> <span class='ocrx_word' id='word_1_74' title='bbox 1467 1833 1670 1943; x_wconf 76' lang='lat' dir='ltr'>(dl‘e&#39;gard</span> <span class='ocrx_word' id='word_1_75' title='bbox 1691 1834 1762 1917; x_wconf 86' lang='lat' dir='ltr'>des</span> <span class='ocrx_word' id='word_1_76' title='bbox 1780 1839 2003 1942; x_wconf 65' lang='lat' dir='ltr'>tierslmisi</span> 
     </span>
     <span class='ocr_line' id='line_1_11' title="bbox 635 1957 2006 2070; baseline 0.004 -34"><span class='ocrx_word' id='word_1_77' title='bbox 635 1959 736 2070; x_wconf 90' lang='lat' dir='ltr'>quid</span> <span class='ocrx_word' id='word_1_78' title='bbox 768 1957 879 2039; x_wconf 84' lang='lat' dir='ltr'>eliud</span> <span class='ocrx_word' id='word_1_79' title='bbox 909 1959 1160 2038; x_wconf 84' lang='lat' dir='ltr'>interveniet.</span> <span class='ocrx_word' id='word_1_80' title='bbox 1188 1959 1241 2038; x_wconf 89' lang='lat' dir='ltr'>Et</span> <span class='ocrx_word' id='word_1_81' title='bbox 1265 1959 1344 2037; x_wconf 91' lang='lat' dir='ltr'>boc</span> <span class='ocrx_word' id='word_1_82' title='bbox 1376 1957 1544 2068; x_wconf 87' lang='lat' dir='ltr'>quidem</span> <span class='ocrx_word' id='word_1_83' title='bbox 1573 1959 1815 2040; x_wconf 85' lang='lat' dir='ltr'>confirmare</span> <span class='ocrx_word' id='word_1_84' title='bbox 1843 1960 2006 2041; x_wconf 86' lang='lat' dir='ltr'>videtur</span> 
     </span>
     <span class='ocr_line' id='line_1_12' title="bbox 633 2077 2003 2193; baseline 0.001 -33"><span class='ocrx_word' id='word_1_85' title='bbox 633 2097 704 2160; x_wconf 87' lang='lat' dir='ltr'>art.</span> <span class='ocrx_word' id='word_1_86' title='bbox 730 2081 847 2180; x_wconf 68' lang='lat'>1140,</span> <span class='ocrx_word' id='word_1_87' title='bbox 866 2078 1033 2160; x_wconf 88' lang='lat' dir='ltr'>titulum</span> <span class='ocrx_word' id='word_1_88' title='bbox 1052 2079 1102 2158; x_wconf 81' lang='lat' dir='ltr'>de</span> <span class='ocrx_word' id='word_1_89' title='bbox 1124 2077 1374 2174; x_wconf 76' lang='lat' dir='ltr'>venditione,</span> <span class='ocrx_word' id='word_1_90' title='bbox 1398 2081 1475 2160; x_wconf 90' lang='lat' dir='ltr'>sub</span> <span class='ocrx_word' id='word_1_91' title='bbox 1496 2109 1581 2193; x_wconf 92' lang='lat' dir='ltr'>quo</span> <span class='ocrx_word' id='word_1_92' title='bbox 1601 2099 1672 2161; x_wconf 87' lang='lat' dir='ltr'>art.</span> <span class='ocrx_word' id='word_1_93' title='bbox 1697 2080 1797 2164; x_wconf 84' lang='lat'>1583</span> <span class='ocrx_word' id='word_1_94' title='bbox 1819 2084 2003 2162; x_wconf 90' lang='lat' dir='ltr'>contine-</span> 
     </span>
     <span class='ocr_line' id='line_1_13' title="bbox 613 2200 2005 2312; baseline 0 -30"><span class='ocrx_word' id='word_1_95' title='bbox 613 2287 616 2294; x_wconf 60' lang='lat'><em>,</em></span> <span class='ocrx_word' id='word_1_96' title='bbox 633 2220 724 2303; x_wconf 75' lang='lat' dir='ltr'>tur,</span> <span class='ocrx_word' id='word_1_97' title='bbox 741 2201 959 2283; x_wconf 85' lang='lat' dir='ltr'>indicando</span> <span class='ocrx_word' id='word_1_98' title='bbox 971 2219 1169 2312; x_wconf 79' lang='lat' dir='ltr'>tanquam</span> <span class='ocrx_word' id='word_1_99' title='bbox 1186 2200 1352 2282; x_wconf 78' lang='lat' dir='ltr'>effectus</span> <span class='ocrx_word' id='word_1_100' title='bbox 1368 2230 1420 2282; x_wconf 85' lang='lat' dir='ltr'>ex</span> <span class='ocrx_word' id='word_1_101' title='bbox 1430 2202 1674 2312; x_wconf 84' lang='lat' dir='ltr'>obligatione</span> <span class='ocrx_word' id='word_1_102' title='bbox 1691 2208 1752 2282; x_wconf 83' lang='lat' dir='ltr'>rei</span> <span class='ocrx_word' id='word_1_103' title='bbox 1770 2204 2005 2311; x_wconf 81' lang='lat' dir='ltr'>praestandae</span> 
     </span>
     <span class='ocr_line' id='line_1_14' title="bbox 634 2317 2008 2429; baseline 0.003 -27"><span class='ocrx_word' id='word_1_104' title='bbox 634 2321 831 2404; x_wconf 89' lang='lat' dir='ltr'>oriundos</span> <span class='ocrx_word' id='word_1_105' title='bbox 842 2322 1200 2404; x_wconf 77' lang='lat' dir='ltr'>definientemsed</span> <span class='ocrx_word' id='word_1_106' title='bbox 1209 2317 1908 2429; x_wconf 70' lang='lat' dir='ltr'>animidvertimusprimo,srt.1rdo</span> <span class='ocrx_word' id='word_1_107' title='bbox 1921 2353 2008 2406; x_wconf 88' lang='lat' dir='ltr'>non</span> 
     </span>
     <span class='ocr_line' id='line_1_15' title="bbox 636 2437 1978 2556; baseline 0.001 -29"><span class='ocrx_word' id='word_1_108' title='bbox 636 2448 857 2556; x_wconf 80' lang='lat' dir='ltr'>respexisse</span> <span class='ocrx_word' id='word_1_109' title='bbox 874 2441 924 2525; x_wconf 85' lang='lat' dir='ltr'>sd</span> <span class='ocrx_word' id='word_1_110' title='bbox 949 2439 1151 2523; x_wconf 76' lang='lat' dir='ltr'>anthane</span> <span class='ocrx_word' id='word_1_111' title='bbox 1177 2437 1277 2525; x_wconf 79' lang='lat'>1583</span> <span class='ocrx_word' id='word_1_112' title='bbox 1302 2437 1374 2522; x_wconf 87' lang='lat' dir='ltr'>sed</span> <span class='ocrx_word' id='word_1_113' title='bbox 1394 2438 1447 2522; x_wconf 86' lang='lat' dir='ltr'>ad</span> <span class='ocrx_word' id='word_1_114' title='bbox 1469 2459 1540 2523; x_wconf 80' lang='lat' dir='ltr'>art</span> <span class='ocrx_word' id='word_1_115' title='bbox 1574 2442 1675 2542; x_wconf 69' lang='lat'><strong>1604</strong></span> <span class='ocrx_word' id='word_1_116' title='bbox 1693 2461 1734 2525; x_wconf 90' lang='lat' dir='ltr'>et</span> <span class='ocrx_word' id='word_1_117' title='bbox 1754 2463 1978 2556; x_wconf 86' lang='lat' dir='ltr'>sequentes.</span> 
     </span>
    </p>
   </div>
   <div class='ocr_carea' id='block_1_4' title="bbox 548 2651 2126 4221">
    <p class='ocr_par' dir='ltr' id='par_1_4' title="bbox 548 2651 2126 4221">
     <span class='ocr_line' id='line_1_16' title="bbox 690 2651 2006 2768; baseline 0 -28"><span class='ocrx_word' id='word_1_118' title='bbox 690 2660 753 2740; x_wconf 93' lang='lat' dir='ltr'>De</span> <span class='ocrx_word' id='word_1_119' title='bbox 773 2655 941 2740; x_wconf 78' lang='lat' dir='ltr'>articulo</span> <span class='ocrx_word' id='word_1_120' title='bbox 964 2651 1063 2742; x_wconf 78' lang='lat'>1583</span> <span class='ocrx_word' id='word_1_121' title='bbox 1077 2673 1235 2760; x_wconf 59' lang='lat' dir='ltr'>sutem</span> <span class='ocrx_word' id='word_1_122' title='bbox 1245 2667 1292 2740; x_wconf 86' lang='lat' dir='ltr'>ut</span> <span class='ocrx_word' id='word_1_123' title='bbox 1311 2654 1387 2740; x_wconf 85' lang='lat' dir='ltr'>rite</span> <span class='ocrx_word' id='word_1_124' title='bbox 1405 2651 1667 2766; x_wconf 78' lang='lat' dir='ltr'>intelligutur,</span> <span class='ocrx_word' id='word_1_125' title='bbox 1678 2657 1797 2768; x_wconf 81' lang='lat' dir='ltr'>psulo</span> <span class='ocrx_word' id='word_1_126' title='bbox 1817 2656 2006 2740; x_wconf 85' lang='lat' dir='ltr'>diffirsius</span> 
     </span>
     <span class='ocr_line' id='line_1_17' title="bbox 637 2779 2008 2892; baseline -0.001 -30"><span class='ocrx_word' id='word_1_127' title='bbox 637 2781 901 2862; x_wconf 76' lang='lat' dir='ltr'>urcundum</span> <span class='ocrx_word' id='word_1_128' title='bbox 919 2781 971 2861; x_wconf 89' lang='lat' dir='ltr'>Et</span> <span class='ocrx_word' id='word_1_129' title='bbox 984 2779 1152 2890; x_wconf 87' lang='lat' dir='ltr'>quidem</span> <span class='ocrx_word' id='word_1_130' title='bbox 1161 2779 1307 2860; x_wconf 88' lang='lat' dir='ltr'>inutile</span> <span class='ocrx_word' id='word_1_131' title='bbox 1323 2779 1457 2862; x_wconf 75' lang='lat' dir='ltr'>forsan</span> <span class='ocrx_word' id='word_1_132' title='bbox 1468 2809 1553 2863; x_wconf 90' lang='lat' dir='ltr'>non</span> <span class='ocrx_word' id='word_1_133' title='bbox 1565 2783 1645 2862; x_wconf 89' lang='lat' dir='ltr'>erit</span> <span class='ocrx_word' id='word_1_134' title='bbox 1660 2808 1880 2890; x_wconf 83' lang='lat' dir='ltr'>exponere,</span> <span class='ocrx_word' id='word_1_135' title='bbox 1891 2809 2008 2892; x_wconf 85' lang='lat' dir='ltr'>quas·</span> 
     </span>
     <span class='ocr_line' id='line_1_18' title="bbox 632 2901 2010 3013; baseline 0 -28"><span class='ocrx_word' id='word_1_136' title='bbox 632 2929 727 2985; x_wconf 82' lang='lat' dir='ltr'>nem</span> <span class='ocrx_word' id='word_1_137' title='bbox 756 2905 799 2984; x_wconf 89' lang='lat' dir='ltr'>in</span> <span class='ocrx_word' id='word_1_138' title='bbox 822 2901 1073 2987; x_wconf 86' lang='lat' dir='ltr'>conlectione</span> <span class='ocrx_word' id='word_1_139' title='bbox 1103 2905 1176 2985; x_wconf 75' lang='lat' dir='ltr'>sub</span> <span class='ocrx_word' id='word_1_140' title='bbox 1201 2906 1445 2985; x_wconf 76' lang='lat' dir='ltr'>mutationes</span> <span class='ocrx_word' id='word_1_141' title='bbox 1468 2905 1660 2985; x_wconf 79' lang='lat' dir='ltr'>articulus</span> <span class='ocrx_word' id='word_1_142' title='bbox 1679 2903 1747 2984; x_wconf 89' lang='lat' dir='ltr'>hic</span> <span class='ocrx_word' id='word_1_143' title='bbox 1764 2933 1904 3013; x_wconf 80' lang='lat' dir='ltr'>pessus</span> <span class='ocrx_word' id='word_1_144' title='bbox 1925 2903 2010 2985; x_wconf 82' lang='lat' dir='ltr'>sue·</span> 
     </span>
     <span class='ocr_line' id='line_1_19' title="bbox 639 3023 2008 3158; baseline -0.001 -51"><span class='ocrx_word' id='word_1_145' title='bbox 639 3028 714 3131; x_wconf 82' lang='lat' dir='ltr'>rit,</span> <span class='ocrx_word' id='word_1_146' title='bbox 743 3042 962 3133; x_wconf 82' lang='lat' dir='ltr'>antequem</span> <span class='ocrx_word' id='word_1_147' title='bbox 988 3023 1088 3158; x_wconf 40' lang='lat' dir='ltr'>eius·</span> <span class='ocrx_word' id='word_1_148' title='bbox 1099 3024 1313 3123; x_wconf 68' lang='lat' dir='ltr'>dispositio</span> <span class='ocrx_word' id='word_1_149' title='bbox 1335 3052 1432 3095; x_wconf 71' lang='lat' dir='ltr'>sanc</span> <span class='ocrx_word' id='word_1_150' title='bbox 1408 3028 1489 3093; x_wconf 74' lang='lat' dir='ltr'>cies</span> <span class='ocrx_word' id='word_1_151' title='bbox 1519 3024 1676 3093; x_wconf 84' lang='lat' dir='ltr'>merit.</span> <span class='ocrx_word' id='word_1_152' title='bbox 1666 3044 1846 3128; x_wconf 76' lang='lat' dir='ltr'>‚nempe</span> <span class='ocrx_word' id='word_1_153' title='bbox 1876 3027 2008 3129; x_wconf 65' lang='lat' dir='ltr'>primi</span> 
     </span>
     <span class='ocr_line' id='line_1_20' title="bbox 548 3135 2126 3255; baseline -0.001 -26"><span class='ocrx_word' id='word_1_154' title='bbox 548 3162 553 3170; x_wconf 88' lang='lat'><strong><em>‘</em></strong></span> <span class='ocrx_word' id='word_1_155' title='bbox 637 3148 723 3255; x_wconf 86' lang='lat' dir='ltr'>ejus</span> <span class='ocrx_word' id='word_1_156' title='bbox 746 3144 980 3225; x_wconf 76' lang='lat' dir='ltr'>reductione</span> <span class='ocrx_word' id='word_1_157' title='bbox 1008 3141 1154 3221; x_wconf 77' lang='lat' dir='ltr'>omissa</span> <span class='ocrx_word' id='word_1_158' title='bbox 1180 3152 1297 3217; x_wconf 80' lang='lat' dir='ltr'>erunt</span> <span class='ocrx_word' id='word_1_159' title='bbox 1314 3135 1461 3239; x_wconf 80' lang='lat' dir='ltr'>rerba</span> <span class='ocrx_word' id='word_1_160' title='bbox 1482 3135 1534 3217; x_wconf 90' lang='lat' dir='ltr'>de</span> <span class='ocrx_word' id='word_1_161' title='bbox 1556 3136 1707 3247; x_wconf 87' lang='lat' dir='ltr'>quibus</span> <span class='ocrx_word' id='word_1_162' title='bbox 1729 3138 2009 3247; x_wconf 81' lang='lat' dir='ltr'>litigamus(et</span> <span class='ocrx_word' id='word_1_163' title='bbox 2123 3195 2126 3199; x_wconf 93' lang='lat'>·</span> 
     </span>
     <span class='ocr_line' id='line_1_21' title="bbox 637 3195 2007 3372; baseline 0.001 -26"><span class='ocrx_word' id='word_1_164' title='bbox 637 3268 674 3346; x_wconf 84' lang='lat' dir='ltr'>ls</span> <span class='ocrx_word' id='word_1_165' title='bbox 697 3263 903 3372; x_wconf 78' lang='lat' dir='ltr'>propriete&#39;</span> <span class='ocrx_word' id='word_1_166' title='bbox 922 3278 982 3343; x_wconf 85' lang='lat' dir='ltr'>est</span> <span class='ocrx_word' id='word_1_167' title='bbox 994 3262 1154 3371; x_wconf 83' lang='lat' dir='ltr'>scquise</span> <span class='ocrx_word' id='word_1_168' title='bbox 1174 3258 1226 3340; x_wconf 92' lang='lat' dir='ltr'>de</span> <span class='ocrx_word' id='word_1_169' title='bbox 1248 3257 1385 3338; x_wconf 89' lang='lat' dir='ltr'>droit</span> <span class='ocrx_word' id='word_1_170' title='bbox 1372 3286 1396 3337; x_wconf 84' lang='lat' dir='ltr'>a</span> <span class='ocrx_word' id='word_1_171' title='bbox 1414 3195 1626 3339; x_wconf 78' lang='lat' dir='ltr'>l’dcheteur</span> <span class='ocrx_word' id='word_1_172' title='bbox 1639 3259 1821 3367; x_wconf 84' lang='lat' dir='ltr'>al’e‘gsrd</span> <span class='ocrx_word' id='word_1_173' title='bbox 1841 3263 1897 3345; x_wconf 87' lang='lat' dir='ltr'>du</span> <span class='ocrx_word' id='word_1_174' title='bbox 1914 3296 2007 3348; x_wconf 90' lang='lat' dir='ltr'>ven·</span> 
     </span>
     <span class='ocr_line' id='line_1_22' title="bbox 638 3380 2006 3494; baseline 0.001 -26"><span class='ocrx_word' id='word_1_175' title='bbox 638 3384 756 3491; x_wconf 90' lang='lat' dir='ltr'>deur)</span> <span class='ocrx_word' id='word_1_176' title='bbox 767 3401 924 3494; x_wconf 88' lang='lat' dir='ltr'>‚postes</span> <span class='ocrx_word' id='word_1_177' title='bbox 943 3385 1119 3463; x_wconf 89' lang='lat' dir='ltr'>sectione</span> <span class='ocrx_word' id='word_1_178' title='bbox 1138 3380 1400 3488; x_wconf 79' lang='lat' dir='ltr'>legislationis</span> <span class='ocrx_word' id='word_1_179' title='bbox 1416 3380 1573 3490; x_wconf 77' lang='lat' dir='ltr'>(parles</span> <span class='ocrx_word' id='word_1_180' title='bbox 1590 3382 1792 3463; x_wconf 87' lang='lat' dir='ltr'>membres</span> <span class='ocrx_word' id='word_1_181' title='bbox 1810 3385 1862 3467; x_wconf 89' lang='lat' dir='ltr'>de</span> <span class='ocrx_word' id='word_1_182' title='bbox 1874 3387 2006 3471; x_wconf 86' lang='lat' dir='ltr'>lssec·</span> 
     </span>
     <span class='ocr_line' id='line_1_23' title="bbox 626 3502 2094 3617; baseline -0.002 -25"><span class='ocrx_word' id='word_1_183' title='bbox 626 3512 729 3593; x_wconf 68' lang='lat' dir='ltr'>‘tion</span> <span class='ocrx_word' id='word_1_184' title='bbox 752 3506 803 3591; x_wconf 90' lang='lat' dir='ltr'>de</span> <span class='ocrx_word' id='word_1_185' title='bbox 821 3504 1063 3613; x_wconf 79' lang='lat' dir='ltr'>le&#39;gislstion)</span> <span class='ocrx_word' id='word_1_186' title='bbox 1089 3502 1227 3585; x_wconf 73' lang='lat' dir='ltr'>addita</span> <span class='ocrx_word' id='word_1_187' title='bbox 1244 3519 1340 3585; x_wconf 87' lang='lat' dir='ltr'>sunt</span> <span class='ocrx_word' id='word_1_188' title='bbox 1359 3504 1567 3614; x_wconf 84' lang='lat' dir='ltr'>sequentis</span> <span class='ocrx_word' id='word_1_189' title='bbox 1583 3532 1594 3581; x_wconf 74' lang='grc' dir='ltr'><strong>ε</strong></span> <span class='ocrx_word' id='word_1_190' title='bbox 1611 3522 1653 3582; x_wconf 86' lang='lat' dir='ltr'>et</span> <span class='ocrx_word' id='word_1_191' title='bbox 1670 3506 1715 3583; x_wconf 76' lang='lat' dir='ltr'>lu</span> <span class='ocrx_word' id='word_1_192' title='bbox 1723 3514 1934 3617; x_wconf 67' lang='lat' dir='ltr'>pmpriete‘</span> <span class='ocrx_word' id='word_1_193' title='bbox 1948 3530 2007 3591; x_wconf 85' lang='lat' dir='ltr'>est</span> <span class='ocrx_word' id='word_1_194' title='bbox 2090 3504 2094 3510; x_wconf 71' lang='grc'><strong><em>’</em></strong></span> 
     </span>
     <span class='ocr_line' id='line_1_24' title="bbox 639 3624 2055 3743; baseline -0.008 -30"><span class='ocrx_word' id='word_1_195' title='bbox 639 3638 803 3743; x_wconf 75' lang='lat' dir='ltr'>acquire</span> <span class='ocrx_word' id='word_1_196' title='bbox 818 3628 869 3711; x_wconf 83' lang='lat' dir='ltr'>de</span> <span class='ocrx_word' id='word_1_197' title='bbox 888 3626 995 3709; x_wconf 64' lang='lat' dir='ltr'>droit</span> <span class='ocrx_word' id='word_1_198' title='bbox 1013 3625 1273 3707; x_wconf 71' lang='lat' dir='ltr'>ctt’acteteur</span> <span class='ocrx_word' id='word_1_199' title='bbox 1286 3624 1473 3707; x_wconf 54' lang='lat' dir='ltr'>vird-&#39;vit</span> <span class='ocrx_word' id='word_1_200' title='bbox 1491 3624 1546 3707; x_wconf 84' lang='lat' dir='ltr'>du</span> <span class='ocrx_word' id='word_1_201' title='bbox 1568 3624 1746 3707; x_wconf 68' lang='lat' dir='ltr'>eandem</span> <span class='ocrx_word' id='word_1_202' title='bbox 1765 3630 1841 3734; x_wconf 87' lang='lat' dir='ltr'>(t),</span> <span class='ocrx_word' id='word_1_203' title='bbox 1860 3629 2004 3713; x_wconf 84' lang='lat' dir='ltr'>ultimo</span> <span class='ocrx_word' id='word_1_204' title='bbox 2052 3695 2055 3701; x_wconf 88' lang='lat'><em>.</em></span> 
     </span>
     <span class='ocr_line' id='line_1_25' title="bbox 641 3747 2005 3863; baseline -0.001 -28"><span class='ocrx_word' id='word_1_205' title='bbox 641 3755 807 3863; x_wconf 83' lang='lat' dir='ltr'>tandem</span> <span class='ocrx_word' id='word_1_206' title='bbox 836 3754 928 3835; x_wconf 92' lang='lat' dir='ltr'>loco</span> <span class='ocrx_word' id='word_1_207' title='bbox 963 3749 1079 3832; x_wconf 83' lang='lat' dir='ltr'>verbi</span> <span class='ocrx_word' id='word_1_208' title='bbox 1110 3747 1231 3858; x_wconf 86' lang='lat' dir='ltr'>hujus</span> <span class='ocrx_word' id='word_1_209' title='bbox 1258 3748 1443 3840; x_wconf 50' lang='lat' dir='ltr'>nris-dev&amp;</span> <span class='ocrx_word' id='word_1_210' title='bbox 1463 3749 1641 3856; x_wconf 88' lang='lat' dir='ltr'>positum</span> <span class='ocrx_word' id='word_1_211' title='bbox 1674 3764 1735 3829; x_wconf 89' lang='lat' dir='ltr'>est</span> <span class='ocrx_word' id='word_1_212' title='bbox 1775 3750 2005 3834; x_wconf 76' lang='lat' dir='ltr'>verbumd</span> 
     </span>
     <span class='ocr_line' id='line_1_26' title="bbox 641 3870 2004 3983; baseline 0.001 -28"><span class='ocrx_word' id='word_1_213' title='bbox 641 3874 813 3980; x_wconf 62' lang='lat' dir='ltr'>legend,</span> <span class='ocrx_word' id='word_1_214' title='bbox 832 3872 946 3979; x_wconf 91' lang='lat' dir='ltr'>quod</span> <span class='ocrx_word' id='word_1_215' title='bbox 963 3874 1007 3949; x_wconf 90' lang='lat' dir='ltr'>in</span> <span class='ocrx_word' id='word_1_216' title='bbox 1022 3870 1337 3977; x_wconf 52' lang='lat' dir='ltr'>codice¹Gallico</span> <span class='ocrx_word' id='word_1_217' title='bbox 1355 3870 1576 3979; x_wconf 89' lang='lat' dir='ltr'>repetitum</span> <span class='ocrx_word' id='word_1_218' title='bbox 1587 3897 1751 3983; x_wconf 86' lang='lat' dir='ltr'>quoque</span> <span class='ocrx_word' id='word_1_219' title='bbox 1770 3875 2004 3983; x_wconf 85' lang='lat' dir='ltr'>reperimus</span> 
     </span>
     <span class='ocr_line' id='line_1_27' title="bbox 641 3992 2007 4106; baseline 0.002 -33"><span class='ocrx_word' id='word_1_220' title='bbox 641 3992 722 4074; x_wconf 89' lang='lat' dir='ltr'>Sed</span> <span class='ocrx_word' id='word_1_221' title='bbox 742 3992 966 4098; x_wconf 86' lang='lat' dir='ltr'>videamus,</span> <span class='ocrx_word' id='word_1_222' title='bbox 980 3992 1191 4103; x_wconf 90' lang='lat' dir='ltr'>quomodo</span> <span class='ocrx_word' id='word_1_223' title='bbox 1210 3993 1431 4078; x_wconf 82' lang='lat' dir='ltr'>verbahaec</span> <span class='ocrx_word' id='word_1_224' title='bbox 1448 3994 1688 4102; x_wconf 76' lang='lat' dir='ltr'>interpretes</span> <span class='ocrx_word' id='word_1_225' title='bbox 1707 3995 1862 4077; x_wconf 82' lang='lat' dir='ltr'>soleant</span> <span class='ocrx_word' id='word_1_226' title='bbox 1878 3997 2007 4106; x_wconf 87' lang='lat' dir='ltr'>expli·</span> 
     </span>
     <span class='ocr_line' id='line_1_28' title="bbox 645 4114 2006 4221; baseline 0.002 -25"><span class='ocrx_word' id='word_1_227' title='bbox 645 4142 744 4196; x_wconf 81' lang='lat' dir='ltr'>care.</span> <span class='ocrx_word' id='word_1_228' title='bbox 770 4118 917 4197; x_wconf 70' lang='lat' dir='ltr'>munt</span> <span class='ocrx_word' id='word_1_229' title='bbox 942 4132 1076 4198; x_wconf 85' lang='lat' dir='ltr'>nutem</span> <span class='ocrx_word' id='word_1_230' title='bbox 1105 4115 1293 4195; x_wconf 86' lang='lat' dir='ltr'>nonnulli</span> <span class='ocrx_word' id='word_1_231' title='bbox 1312 4115 1385 4221; x_wconf 79' lang='lat' dir='ltr'>(n),</span> <span class='ocrx_word' id='word_1_232' title='bbox 1403 4114 1538 4195; x_wconf 84' lang='lat' dir='ltr'>verbis</span> <span class='ocrx_word' id='word_1_233' title='bbox 1555 4114 1664 4198; x_wconf 88' lang='lat' dir='ltr'>hisce</span> <span class='ocrx_word' id='word_1_234' title='bbox 1683 4116 1763 4199; x_wconf 91' lang='lat' dir='ltr'>hoc</span> <span class='ocrx_word' id='word_1_235' title='bbox 1780 4118 1913 4199; x_wconf 90' lang='lat' dir='ltr'>solum</span> <span class='ocrx_word' id='word_1_236' title='bbox 1929 4121 2006 4199; x_wconf 92' lang='lat' dir='ltr'>im·</span> 
     </span>
    </p>
   </div>
   <div class='ocr_carea' id='block_1_5' title="bbox 650 4277 1976 4526">
    <p class='ocr_par' dir='ltr' id='par_1_5' title="bbox 650 4277 1976 4526">
     <span class='ocr_line' id='line_1_29' title="bbox 650 4277 1976 4421; baseline 0.002 -26"><span class='ocrx_word' id='word_1_237' title='bbox 650 4388 653 4395; x_wconf 79' lang='grc'>,</span> <span class='ocrx_word' id='word_1_238' title='bbox 688 4324 739 4416; x_wconf 80' lang='grc' dir='ltr'>(ι)</span> <span class='ocrx_word' id='word_1_239' title='bbox 753 4326 793 4393; x_wconf 86' lang='lat' dir='ltr'>V.</span> <span class='ocrx_word' id='word_1_240' title='bbox 801 4340 902 4397; x_wconf 72' lang='lat' dir='ltr'>sets</span> <span class='ocrx_word' id='word_1_241' title='bbox 918 4326 964 4393; x_wconf 86' lang='lat' dir='ltr'>du</span> <span class='ocrx_word' id='word_1_242' title='bbox 977 4328 1122 4418; x_wconf 87' lang='lat' dir='ltr'>premier</span> <span class='ocrx_word' id='word_1_243' title='bbox 1136 4326 1245 4416; x_wconf 84' lang='lat' dir='ltr'>projet</span> <span class='ocrx_word' id='word_1_244' title='bbox 1257 4340 1289 4393; x_wconf 89' lang='lat' dir='ltr'>et</span> <span class='ocrx_word' id='word_1_245' title='bbox 1304 4324 1337 4391; x_wconf 87' lang='lat' dir='ltr'>le</span> <span class='ocrx_word' id='word_1_246' title='bbox 1353 4327 1613 4416; x_wconf 67' lang='lat' dir='ltr'>processerunt,</span> <span class='ocrx_word' id='word_1_247' title='bbox 1634 4340 1723 4400; x_wconf 85' lang='lat' dir='ltr'>tom&#39;s</span> <span class='ocrx_word' id='word_1_248' title='bbox 1741 4330 1777 4409; x_wconf 82' lang='lat'>3,</span> <span class='ocrx_word' id='word_1_249' title='bbox 1794 4349 1866 4421; x_wconf 67' lang='lat' dir='ltr'>pag.</span> <span class='ocrx_word' id='word_1_250' title='bbox 1882 4330 1953 4417; x_wconf 79' lang='lat'>398.</span> <span class='ocrx_word' id='word_1_251' title='bbox 1970 4277 1976 4289; x_wconf 93' lang='lat'><em>·</em></span> 
     </span>
     <span class='ocr_line' id='line_1_30' title="bbox 690 4431 1828 4526; baseline -0.01 -23"><span class='ocrx_word' id='word_1_252' title='bbox 690 4432 966 4526; x_wconf 72' lang='lat' dir='ltr'>(albetdutcurt</span> <span class='ocrx_word' id='word_1_253' title='bbox 981 4432 1038 4501; x_wconf 85' lang='lat' dir='ltr'>des</span> <span class='ocrx_word' id='word_1_254' title='bbox 1054 4431 1153 4503; x_wconf 85' lang='lat' dir='ltr'>Psnd.</span> <span class='ocrx_word' id='word_1_255' title='bbox 1169 4431 1402 4524; x_wconf 68' lang='lat' dir='ltr'>franpsdsrc</span> <span class='ocrx_word' id='word_1_256' title='bbox 1418 4432 1512 4503; x_wconf 77' lang='lat'>1583.</span> <span class='ocrx_word' id='word_1_257' title='bbox 1650 4478 1659 4521; x_wconf 27' lang='lat'>⁸&lt;</span> <span class='ocrx_word' id='word_1_258' title='bbox 1692 4486 1702 4521; x_wconf 87' lang='lat'>.·</span> <span class='ocrx_word' id='word_1_259' title='bbox 1747 4460 1758 4473; x_wconf 85' lang='lat'><strong>·</strong></span> <span class='ocrx_word' id='word_1_260' title='bbox 1823 4514 1828 4521; x_wconf 23' lang='grc'>1</span> 
     </span>
    </p>
   </div>
   <div class='ocr_carea' id='block_1_6' title="bbox 0 0 2266 5875">
    <p class='ocr_par' dir='ltr' id='par_1_6' title="bbox 0 0 2266 5875">
     <span class='ocr_line' id='line_1_31' title="bbox 0 0 2266 5875; baseline 0 0"><span class='ocrx_word' id='word_1_261' title='bbox 0 0 2266 5875; x_wconf 95' lang='lat' dir='ltr'> </span> 
     </span>
    </p>
   </div>
  </div>
 </body>
</html>
