4509 5875
623 742 628 749 .
703 640 998 711 Gnocnat’ntn
1020 640 1260 711 PAGORUM.'

926 828 954 923 ς
979 819 1046 897 111.

346 1018 512 1098 Natura
531 1016 783 1097 diversorum
802 1043 1000 1125 pagorum
1020 1019 1129 1097 varia
1140 1035 1214 1121 est,
1227 1018 1363 1127 quoad
1381 1018 1575 1103 nimirum
1583 1006 1665 1103 ter·

296 1168 358 1221 ras
381 1140 718 1249 complectantur,
743 1139 835 1247 plus
863 1140 1047 1217 minusve
1072 1140 1175 1217 mari
1208 1139 1508 1252 majoribusque
1536 1145 1669 1225 fluviis

296 1260 528 1368 adjacentes.
555 1265 742 1342 Attamen
764 1259 915 1366 duplex
937 1259 981 1337 in
1002 1260 1196 1339 omnibus
1217 1264 1385 1341 omnino
1407 1265 1588 1369 partibus
1606 1270 1668 1346 in-

297 1383 408 1463 doles
427 1383 679 1463 observanda
689 1381 812 1461 venit.
826 1380 1044 1460 Plurimam
1064 1383 1175 1461 enim
1192 1400 1351 1490 partem
1370 1400 1521 1465 tractus
1535 1402 1672 1465 noster

297 1506 341 1585 in
362 1505 486 1583 latam
502 1520 614 1612 patet
636 1494 864 1612 planitiem,
887 1529 978 1611 quae
1003 1502 1151 1581 sterilis
1170 1505 1318 1609 partim
1338 1522 1378 1583 et
1403 1532 1532 1587 arenae
1553 1533 1670 1612 agge-

298 1627 412 1708 ribus
448 1625 730 1735 frequentibus
760 1626 882 1727 sicca,
912 1624 1062 1732 partim
1088 1620 1267 1713 ¹demissa
1300 1642 1421 1733 atque
1454 1622 1671 1733 paludibus
1775 1644 1778 1649 '

298 1748 436 1829 foetida
465 1750 613 1850 extitit,
639 1774 684 1828 ec
709 1746 804 1827 ideo
824 1744 977 1826 fundus
1005 1745 1105 1826 olim
1127 1749 1247 1827 maris
1268 1747 1395 1829 ¹fuisse
1421 1775 1444 1827 a
1466 1749 1670 1859 plerisque

299 1868 488 1950 creditur.
509 1871 646 1951 Altera
666 1896 758 1977 pars
776 1867 918 1949 elatior
934 1866 1013 1948 luit
1030 1868 1291 1978 meliorisque
1314 1868 1575 1981 conditionis,
1596 1871 1674 1952 col·

175 2093 183 2101 .
297 1990 405 2071 libus
422 1990 713 2097 montibusque
736 1990 882 2068 leniter
901 1989 1239 2071 adscendentibus
1259 1990 1406 2088 laetior3
1426 1992 1480 2073 ita
1500 2009 1547 2071 ut
1566 2020 1670 2073 non·

296 2112 400 2191 nulli
417 2137 506 2189 eam
527 2112 681 2189 Oceani
700 2109 812 2189 velut
828 2111 993 2220 antiqua
1019 2110 1158 2191 littora
1180 2111 1364 2191 habeant.
1389 2113 1495 2192 Hinc
1515 2141 1561 2191 ea
1578 2140 1672 2221 pars

296 2252 387 2313 tum
414 2232 677 2313 convallibus¹
693 2248 753 2313 est
779 2234 996 2341 conspicua
1015 2248 1127 2334 ,tum
1158 2226 1281 2312 etiam
1299 2232 1526 2313 rivulorum
1552 2234 1676 2312 undis

256 2340 261 2349 ¹
298 2382 413 2465 aeque
440 2382 486 2435 ac
504 2356 696 2435 silvarum
715 2354 930 2435 frondibus
956 2353 1164 2459 decorata,
1187 2382 1278 2465 quae
1299 2354 1526 2434 mirabilem
1552 2381 1674 2465 quan·

303 2478 397 2558 dam
425 2495 578 2559 naturae
614 2478 819 2584 genitricis
848 2478 1155 2558 exuberantiam
1182 2476 1309 2557 offert.
1334 2479 1428 2557 Haec
1454 2478 1498 2555 in
1525 2504 1672 2582 genere

299 2601 352 2678 de
374 2600 565 2695 omnibus
589 2602 732 2681 valent.
756 2603 819 2680 De
846 2601 1015 2707 singulis
1038 2602 1072 2681 si
1094 2601 1261 2709 quaeris,
1291 2600 1395 2680 hanc
1421 2598 1675 2679 diversorum

303 2748 500 2829 pagorum
518 2721 698 2802 indolem
720 2722 797 2801 tibi
820 2722 1172 2831 suppeditaverim.
1379 2708 1384 2719 ⁸

928 2927 955 3020 t
980 2884 1047 2999 tv}

229 3189 238 3202 ,
354 3122 464 3202 inter
483 3116 680 3209 boreales,
704 3116 855 3223 primas
868 3115 957 3194 'sibi
980 3112 1151 3194 Wasdoe
1177 3139 1304 3222 pagus
1327 3116 1529 3219 vindicat,
1564 3119 1678 3226 cujus

305 3242 475 3356 quidem
497 3257 670 3342 tractus,
689 3265 841 3318 oceano
858 3237 1043 3349 undique
1061 3235 1315 3341 circumdati,
1332 3255 1472 3318 utrum
1491 3238 1573 3347 jam
1591 3240 1675 3322 Cae·

302 3366 401 3447 saris
441 3361 694 3470 temporibus
732 3359 784 3440 ad
816 3360 1092 3440 continentem
1121 3375 1271 3440 terram
1299 3361 1590 3468 pertinuerint,
1621 3387 1673 3442 an

302 3486 424 3568 undis
457 3484 642 3593 adoperti
673 3482 892 3591 jacuerint,
920 3508 1006 3560 non
1035 3480 1271 3562 discernam.
1299 3485 1487 3564 Attamen
1515 3482 1675 3581 altiores

303 3608 389 3718 ejus
420 3624 552 3720 partes
580 3607 708 3715 serius
736 3621 895 3684 tantum
922 3606 1117 3712 recepisse
1151 3605 1411 3708 '1¹axandros,
1447 3607 1521 3715 qui
1543 3604 1673 3711 ¹longo

302 3748 535 3840 temporum
562 3727 774 3809 intervallo
795 3755 837 3807 se
858 3743 1098 3835 receperunt
1122 3726 1174 3807 ad
1202 3728 1430 3831 Orientem,
1448 3727 1587 3808 relicti
1608 3726 1675 3808 illu

303 3854 470 3932 immani
498 3878 542 3931 ac
564 3848 789 3960 periculosa
808 3848 920 3953 sede,
948 3848 1078 3928 Plinii
1097 3850 1154 3956 (1)
1176 3848 1311 3932 verbis
1333 3850 1391 3928 sic
1419 3850 1515 3930 satis
1545 3847 1674 3939 credi·

304 3973 387 4053 bile
407 3976 453 4054 fit
470 4005 480 4054 :
505 3976 617 4082 regio
646 3975 756 4054 enim
780 3973 863 4054 haec
882 3989 981 4052 tunc
1003 3971 1188 4075 demum,
1208 4000 1339 4084 quum
1355 3972 1570 4079 aggeribus
1587 3997 1670 4053 ma-

306 4098 362 4175 ris
392 4097 567 4178 aestubus
593 4097 894 4199 resistentibus,
923 4098 1038 4207 quasi
1065 4097 1328 4180 munimentis
1362 4109 1677 4194 sustentaretur,

305 4217 476 4297 habitari
518 4220 660 4325 potuit.
702 4221 773 4298 Hae
814 4219 982 4329 quidem
1021 4222 1314 4300 elementorum
1342 4245 1496 4326 ‚pugnae
1535 4216 1677 4298 saeculo

352 4411 401 4498 (ι)
423 4413 464 4476 Η.
478 4411 520 4478 Ν.
533 4411 568 4476 L.
581 4411 636 4481 IV.
652 4433 681 4477 c.
700 4412 749 4492 16,
764 4431 840 4478 cum
855 4434 923 4500 quo
939 4413 996 4478 cir.
1010 4415 1197 4478 Cnnrnmus
1209 4411 1252 4478 de
1267 4411 1370 4480 tribus
1379 4410 1592 4520 Rhenialreis
1606 4407 1672 4474 dis·

310 4537 420 4583 serens
433 4539 466 4602 p.
484 4537 533 4580 ro.
