4509 5875
570 659 814 733 nationale
837 661 900 730 AD
922 659 1090 750 QUAEST.
1115 661 1257 730 tumn.
1547 683 1590 755 ¹9

233 834 358 918 haeres
382 834 466 916 sive
492 835 759 942 voluntarius,
787 856 885 922 tunc
902 839 1053 928 ‚saltem
1081 839 1271 920 dominus
1296 836 1365 939 fit,
1391 863 1485 917 cum
1510 836 1588 918 bie·

230 958 441 1042 reditatem
461 958 539 1042 sibi
560 960 730 1042 delatam
751 987 936 1068 expresse
951 962 1015 1042 vel
1030 963 1150 1042 tacite
1172 960 1337 1063 adierit,
1356 957 1479 1070 idque
1496 987 1590 1039 cum

229 1076 375 1160 effectu
402 1080 660 1180 retroactivo,
683 1106 767 1188 quo
794 1079 984 1161 dominus
1011 1081 1133 1162 fuisse
1160 1107 1185 1159 a
1211 1096 1418 1161 momento
1449 1081 1591 1161 mortis

229 1197 407 1278 defuncti
429 1203 648 1306 censebit(
674 1199 700 1303 ).

278 1428 392 1510 Idem
413 1457 577 1542 quoque
607 1431 653 1512 fit
686 1433 731 1512 in
759 1432 883 1514 rebus
913 1430 1073 1537 legatis,
1100 1455 1274 1539 quarum
1308 1427 1536 1512 dominium
1565 1455 1591 1506 s

225 1568 431 1629 momento
468 1549 583 1630 aditae
612 1551 858 1631 haereditatis.
875 1553 919 1629 in
946 1553 1182 1656 legatarium
1202 1553 1323 1630 edam
1355 1553 1441 1633 sine
1462 1550 1589 1632 tradi-

225 1671 337 1750 tione
350 1670 455 1772 abit,
472 1669 589 1750 nwdo
610 1674 753 1778 species
770 1671 832 1750 ad
845 1689 1067 1752 testatorem
1083 1672 1153 1751 oei
1169 1669 1363 1750 heredem
1379 1674 1463 1777 ejus
1481 1698 1589 1778 spec-

226 1807 320 1870 tans
334 1819 439 1900 pure
464 1792 601 1898 legato
610 1795 753 1892 suerit.

280 2018 437 2124 Nempe
455 2017 628 2121 sublati,
648 2043 771 2128 quam
791 2019 897 2098 inter
925 2019 1034 2099 varia
1061 2018 1286 2124 legatorum
1310 2041 1473 2122 genem
1501 2003 1590 2094 rin-

225 2135 438 2216 dicationis
462 2137 640 2242 scilicet,
657 2138 948 2244 damnationis,
966 2155 1231 2244 etc.,vcteres
1253 2138 1455 2214 subtiliori
1475 2139 1591 2214 ratio·

224 2257 334 2336 cinio
363 2255 591 2334 laborantes
619 2259 881 2354 admiserant,
902 2257 1127 2336 differentiis
1150 2257 1397 2336 lastinianus
1424 2255 1592 2334 defunc·

220 2379 362 2455 torum
384 2375 610 2456 voluntates
633 2374 846 2455 validiores
872 2403 958 2456 esse
985 2377 1168 2486 cupiens,
1194 2393 1236 2455 et
1258 2401 1344 2456 nou
1364 2375 1501 2455 verbis
1520 2377 1592 2455 sed

220 2497 501 2578 voluntatibus
521 2523 665 2580 eorum
686 2499 823 2579 lavans
838 2499 1056 2609 disposuit,
1074 2517 1121 2579 ut
1144 2499 1335 2579 omnibus
1353 2497 1493 2604 legatis
1510 2525 1592 2578 una

220 2633 325 2698 esset
343 2635 505 2726 natura,
520 2636 562 2698 et
570 2620 896 2731 quibuscumque
906 2621 1040 2702 verbis
1053 2619 1157 2730 quid
1177 2620 1354 2725 legamus
1372 2635 1492 2719 esset,
1513 2618 1593 2696 hoc

220 2740 408 2850 persequi
434 2740 590 2840 liceret,
613 2741 958 2850 quemadmodum
980 2757 1095 2822 antea
1123 2743 1312 2850 persequi
1332 2738 1591 2820 solummodo

221 2859 365 2941 licebat
393 2861 506 2972 quod
524 2887 596 2970 per
616 2861 785 2943 modum
805 2861 1090 2945 vindicationis
1109 2861 1295 2943 relictum
1317 2875 1422 2962 erat,
1444 2880 1592 2966 nempe

221 3006 306 3061 non
331 2998 489 3063 tantum
514 2986 669 3063 actione
690 2972 890 3088 personali
911 3002 962 3056 ex
990 2993 1248 3077 testamento,
1275 2979 1346 3057 sed
1366 2993 1408 3056 et
1435 2983 1593 3058 actione

221 3105 265 3179 in
292 3130 372 3175 rem
406 3132 479 3175 seu
509 3105 568 3174 rei
600 3101 894 3193 vindicatione3
932 3096 1033 3177 adeo
1063 3114 1112 3175 ut
1137 3097 1222 3203 jam
1250 3097 1330 3174 dici
1362 3115 1502 3206 queat,
1531 3100 1591 3175 rei

222 3221 361 3325 legatae
382 3215 614 3297 dominium*
629 3217 717 3322 ipso
742 3216 830 3324 jure
854 3217 1005 3328 absque
1032 3217 1117 3297 ullo
1143 3216 1311 3297 tureis
1329 3215 1451 3319 ficto,
1469 3216 1593 3299 adeo-

223 3368 306 3449 que
323 3338 434 3421 nulli
452 3336 667 3418 traditione
685 3338 975 3421 interveniente
996 3340 1108 3421 abire
1126 3341 1172 3418 in
1188 3340 1420 3446 legatarium
1434 3341 1508 3447 (a),
1525 3368 1590 3420 re·

225 3461 305 3563 bus
325 3459 475 3541 scilicet
492 3456 731 3565 generaliter
757 3463 998 3568 conspectis3
1022 3463 1280 3571 exceptiones
1301 3463 1416 3545 enirn·
1430 3479 1520 3541 tun
1541 3488 1592 3541 ex

225 3584 315 3689 lege
336 3601 424 3663 tum
452 3610 500 3662 ex
521 3581 665 3661 natura
685 3608 823 3663 rerum
845 3582 1092 3693 prodeuntes
1121 3612 1219 3667 mou
1241 3584 1524 3665 mutnus

279 3804 352 3881 Ast
367 3801 549 3909 quamvis
567 3815 723 3879 certum
738 3796 948 3904 habeatur,
965 3828 1102 3881 rerum
1122 3802 1349 3907 legatarum*
1365 3799 1591 3880 dominium

212 3913 338 4001 'novi
365 3921 576 4003 iustiniani
610 3922 896 4003 constitutione
933 3922 1086 4033 absque
1119 3923 1337 4003 traditione
1367 3922 1414 4001 in
1447 3919 1591 4024 legata·

232 4046 340 4123 rium
364 4041 495 4140 abire;
516 4068 601 4121 non
625 4068 739 4153 seque
763 4061 917 4127 cernam
936 4073 1020 4127 esse
1045 4045 1206 4125 videtur
1226 4070 1251 4121 a
1272 4070 1357 4152 quo
1383 4056 1591 4122 momento

230 4163 299 4245 illa
315 4162 484 4244 dominii
501 4163 702 4244 translatio
726 4185 925 4276 operetur.
946 4169 1031 4249 Nos
1054 4168 1344 4265 existimamus,
1363 4164 1472 4246 illam
1499 4188 1589 4271 ope

273 4382 323 4473 (r)
343 4383 394 4450 Na
416 4384 541 4451 scilicet
561 4385 678 4474 partim
695 4338 841 4469 testatis,
856 4388 976 4477 partim
993 4374 1162 4457 intestatus
1177 4342 1347 4455 moriatur.

276 4488 325 4579 (a)
346 4490 422 4557 lnst
436 4490 497 4558 lib.
510 4512 540 4557 a.
553 4490 602 4557 tit.
626 4512 654 4555 a.
679 4501 704 4568 ς.
723 4511 752 4554 a.
853 4572 862 4583 .

1390 4591 1422 4663 τ’
1506 4531 1553 4689 Ι.
