4509 5875
645 639 691 710 38
880 636 1123 708 GUlLlELMI
1148 637 1246 706 ctu
1269 635 1386 706 VICT.
1410 635 1509 704 VAN
1532 635 1626 707 Dur
1652 639 1770 708 Dalm

643 864 727 916 non
748 834 812 913 hic
826 834 978 911 mentio
999 830 1176 912 facienda
1195 847 1276 933 eat,
1296 829 1367 910 sed
1389 834 1541 912 mentio
1561 833 1630 920 fiet
1642 835 1715 914 ubi
1734 835 1991 944 depotestate,

642 959 736 1065 qnia
770 955 813 1032 in
849 956 945 1062 ipsis
975 955 1180 1063 potestatis
1209 953 1432 1034 absentiam
1463 959 1599 1064 potins
1631 987 1754 1070 quam
1790 959 2005 1040 voluntatis

643 1075 840 1158 defectum
858 1078 1220 1160 animadvertimus.

693 1307 840 1410 Irffans
857 1323 991 1387 autem
1014 1305 1162 1387 dicitur
1190 1310 1305 1418 quasi
1313 1309 1448 1412 sandi
1467 1315 1592 1419 impos
1610 1314 1679 1420 (t).
1694 1316 1882 1394 Attamen
1900 1339 2002 1392 vero

641 1429 850 1509 sciendum
870 1448 949 1532 est,
965 1431 1054 1535 jure
1077 1429 1284 1505 infantiam
1303 1455 1387 1505 non
1407 1455 1488 1506 usu
1507 1451 1549 1511 et
1575 1433 1755 1515 facultate
1779 1431 1999 1539 loquendi,

641 1546 711 1627 se'd
734 1561 845 1627 aetate
864 1549 1058 1627 aestimari.
1072 1549 1109 1626 Is
1130 1550 1238 1627 enim
1254 1547 2003 1662 jurelRomanolhab'eturetdcfinitur

640 1669 786 1776 infans,
814 1671 885 1783 qni
912 1672 1046 1750 minor
1072 1689 1133 1752 cst
1157 1689 1311 1780 septem
1339 1673 1454 1752 annis
1480 1672 1546 1781 (a).
1575 1674 1661 1754 Etsi
1692 1676 1801 1754 enim
1824 1676 1895 1782 qni
1913 1701 2003 1782 sep·

584 1855 588 1866 .
641 1808 724 1872 tem
751 1821 877 1875 annos
900 1788 1083 1874 nondum
1102 1811 1317 1896 natusest,
1343 1797 1485 1876 riaturd
1500 1794 1574 1877 fari
1594 1813 1742 1906 potest,
1759 1814 1894 1878 tamen
1914 1795 2003 1903 jure

640 1913 718 1994 hoc
739 1916 866 1997 facere
887 1945 972 1996 non
991 1945 1107 2025 posse
1125 1919 1398 2000 existimatur.'

692 2141 817 2223 Porro
838 2166 921 2218 non
944 2141 1063 2218 certis
1084 2138 1150 2217 hle
1175 2146 1609 2246 progredintioeiniis
1625 2142 1869 2249 legislatores
1886 2160 2005 2251 pote-

640 2282 749 2365 rant,
764 2280 833 2363 ut,
852 2259 1044 2340 naturalis
1062 2262 1165 2340 ratio
1184 2260 1348 2372 quando
1368 2264 1523 2342 moveri
1546 2281 1669 2376 atque
1687 2292 1803 2372 agere
1825 2267 2006 2374 incipiat,

640 2391 683 2468 in
710 2385 875 2465 homine
904 2382 1114 2490 detegant;
1138 2385 1296 2463 varium
1325 2387 1435 2465 enim
1466 2385 1544 2465 hoc
1567 2406 1718 2496 naturae
1745 2418 1849 2498 opus
1877 2392 2007 2470 estin

640 2509 781 2606 variis,
808 2508 852 2586 in
873 2505 960 2584 aliis
987 2507 1124 2610 citius,
1151 2506 1278 2586 serius
1306 2507 1350 2585 in
1368 2507 1455 2587 aliis
1478 2507 1707 2617 perficitur,
1730 2511 1906 2622 ideoque
1933 2539 2006 2590 ne-

642 2659 747 2712 cesse
761 2629 837 2710 fuit
852 2645 1001 2708 certam
1017 2646 1136 2742 atque
1158 2629 1461 2711 determinatam
1478 2647 1631 2711 aetatem
1644 2632 1870 2735 admittere,
1881 2660 2006 2742 quam

506 2759 511 2770 '
567 2809 571 2819 ·
640 2757 673 2835 si
702 2753 823 2836 semel
844 2752 978 2862 adepti
1002 2753 1167 2858 fierint,
1191 2751 1363 2836 naturali
1387 2753 1637 2862 intelligendi
1665 2773 1707 2835 et
1726 2754 2003 2853 consentiendi
2046 2835 2052 2849 ,
2131 2867 2135 2872 ¹

641 2877 822 2961 facultate
843 2877 1210 2977 homiueagaudera
1230 2893 1432 2977 ponmttur
1442 2938 1455 2977 ,
1467 2894 1582 2959 antea
1599 2906 1698 2959 vero
1711 2907 1834 2990 quam
1845 2878 1896 2982 ad
1916 2906 2007 2958 eam

641 2996 920 3109 pervenerint,
938 3020 1006 3073 eos
1022 3008 1068 3071 ut
1090 2993 1202 3071 omni
1228 2990 1411 3070 facultate
1442 2992 1660 3074 destinatos
1677 3002 1909 3076 laxhaheat
1937 3000 1979 3103 (3
1981 3017 2008 3100 J.

694 3226 836 3335 ltaque
859 3218 960 3305 nihil
982 3246 1124 3301 eornm
1146 3244 1237 3330 quae
1254 3219 1389 3297 animo
1411 3233 1452 3297 et
1470 3214 1620 3296 affectu
1637 3234 2008 3328 geruntur‚gerere

638 3375 711 3459 per
731 3373 772 3427 sc
802 3344 995 3449 infantes,
1024 3341 1244 3459 nequidem
1273 3342 1420 3451 tutoris
1445 3342 1511 3423 sui
1528 3344 2007 3453 auctoritate‚possunt:

528 3536 532 3545 ,
640 3468 750 3553 unde
766 3496 911 3550 verum
929 3485 990 3549 est
1008 3462 1120 3583 quod
1139 3462 1337 3567 diximus,
1357 3464 1406 3546 in*
1425 3464 1474 3548 iis
1491 3492 1734 3551 consensum
1752 3494 1916 3569 omnem
1935 3466 2006 3549 de-

640 3594 777 3700 ficere,
798 3619 1044 3709 omnemque
1066 3590 1205 3676 abesse
1225 3588 1488 3705 veluntatem.
1525 3591 1597 3671 ast
1623 3590 1694 3703 qui
1721 3590 1886 3691 infantia
1918 3618 2004 3672 ma·

639 3716 745 3827 jores
776 3736 889 3827 sunt,
919 3718 992 3799 etsi
1024 3744 1111 3797 non
1133 3716 1266 3797 statim
1294 3711 1518 3824 perfectum
1548 3710 1793 3795 intellectum
1815 3712 2005 3811 babeant,

686 3948 735 4039 (ι)
756 3948 791 4013 L.
812 3970 846 4023 ι,
866 3956 883 4025 ς
903 3967 922 4009 a
947 3942 982 4010 ff.
1002 3943 1044 4008 de
1063 3942 1149 4007 adm.
1168 3960 1239 4010 tut..
1261 3942 1295 4009 L.
1311 3966 1353 4033 7⁰
1364 3943 1401 4007 ff.
1417 3943 1459 4010 de
1470 3942 1511 4009 V.
1524 3942 1574 4007 0..
1591 3942 1626 4007 L.
1642 3896 1846 4031 mehe&
1862 3944 1928 4007 lnr.
1945 3957 2007 4006 etc.

687 4068 734 4155 (a)
748 4070 782 4137 L.
801 4070 839 4135 18
854 4068 890 4133 C.
908 4066 950 4132 de
964 4064 1040 4135 Iure
1054 4062 1176 4130 delib...
1191 4066 1226 4131 L
1239 4090 1272 4146 r,
1285 4078 1302 4144 ς
1317 4090 1336 4132 a
1351 4066 1388 4131 tt.
1399 4065 1443 4133 de
1455 4064 1541 4131 adm.
1558 4081 1640 4130 tut...
1656 4065 1691 4131 L.
1710 4066 1751 4143 tl
1767 4062 1804 4128 ff.
1819 4063 1861 4130 de
1876 4085 2006 4153 spons...

643 4169 742 4255 Apud
759 4173 839 4237 alios
856 4188 964 4239 autem
979 4168 1121 4259 populna
1134 4169 1217 4233 aliua
1232 4170 1296 4234 fuit
1309 4168 1457 4233 infantie
1469 4172 1643 4248 terminus,
1657 4192 1687 4235 v.
1701 4193 1733 4263 g.
1744 4170 1834 4258 apud
1854 4168 2008 4235 liebraeos

644 4284 713 4341 erat
729 4270 770 4335 13
785 4290 859 4341 ann.
882 4280 917 4345 in
931 4298 1045 4353 maan,
1064 4294 1102 4339 ta
1117 4272 1152 4338 in
1160 4272 1289 4363 puellis.
1303 4274 1449 4342 Gnorms
1462 4276 1505 4342 de
1517 4278 1597 4345 tura
1612 4275 1696 4343 Belli
1710 4291 1743 4344 et
1755 4276 1830 4342 Pac:
1844 4274 1947 4351 liba,
1966 4270 2008 4337 de

644 4375 827 4473 promittit,
843 4381 918 4445 ιδ.
1238 4395 1244 4407 ‘
1931 4402 1934 4406 ·
1984 4380 1987 4386 '

688 4502 737 4591 (3)
759 4500 899 4571 vnum
917 4500 957 4563 ad
971 4502 1048 4570 inst.
1063 4503 1105 4571 de
1121 4503 1204 4569 inut.
1217 4502 1292 4591 stip.
