4509 5875
818 679 827 694 ⁹
956 590 961 596 ·
1018 621 1020 624 -
1166 589 1405 661 srsrurs
1462 653 1467 673 ,

1220 772 1246 868 §
1273 770 1342 848 III.

654 964 788 1070 Opera
817 974 1018 1068 reportata
1042 985 1067 1040 a
1090 957 1271 1041 Custode
1300 963 1345 1040 in
1366 960 1510 1041 eodem
1529 905 1636 1043 iihro
1654 963 1830 1048 notanda
1848 985 1967 1069 sunt,
2148 981 2153 990 “

600 1084 754 1195 adjecto
780 1083 846 1166 die
875 1083 1142 1166 restitutionis
1169 1084 1426 1194 nominisque
1454 1084 1762 1195 subscriptione.

1048 1315 1051 1322 ·
1170 1338 1173 1344 .
1223 1270 1343 1376 §itt

497 1489 500 1496 “
652 1464 841 1551 Retinere
872 1485 1006 1550 autem
1046 1468 1174 1549 libros
1202 1468 1461 1549 Bibliothecae
1499 1497 1575 1579 per
1609 1486 1742 1551 totum
1777 1488 1969 1552 semestre
2047 1543 2053 1554 ,

598 1614 759 1703 tempus
794 1592 908 1696 licet,
937 1593 1014 1672 nisi
1051 1593 1154 1672 alius
1188 1617 1237 1674 ex
1270 1590 1568 1708 Professoribus
1596 1590 1761 1672 eosdem
1794 1595 1967 1701 petierit

600 1715 797 1819 Quodsi
818 1652 969 1796 facthm
1008 1714 1157 1820 fuerit,
1192 1698 1392 1796 reddendi
1429 1732 1527 1796 sunt
1566 1717 1672 1795 intra
1710 1714 1969 1798 dimidiatum

598 1867 779 1920 mensem
798 1837 1040 1919 abiudicati
1059 1840 1320 1947 repetitione
1341 1841 1375 1918 si
1385 1841 1553 1980 primus
1572 1841 1721 1919 mensis
1737 1839 1821 1947 jam
1846 1837 1970 1920 fuerit

482 2065 489 2074 a
599 1965 776 2072 elapsus3
803 1964 866 2043 sin
887 1962 1044 2060 minus,
1059 1981 1130 2041 sex
1159 1962 1267 2042 intra
1292 1956 1535 2071 septimanas
1564 1961 1615 2042 ab
1640 1989 1689 2042 eo
1715 1960 1781 2043 die
1811 1990 1896 2071 quo
1918 1989 1971 2045 ex

599 2082 847 2168 Bibliotheca
869 2101 965 2168 sunt
987 2023 1168 2165 exhibiti
1602 2101 1612 2110 ·

1156 2277 1346 2375 .§V·‚
1437 2231 1441 2238 ’

656 2471 806 2552 Ultima
825 2471 946 2550 unius
968 2411 1164 2578 cujusque
1186 2466 1389 2548 semestris
1409 2469 1607 2576 temporis
1629 2467 1849 2576 septimanis
1872 2422 1969 2547 iibri

604 2621 744 2676 omnes
765 2620 810 2674 ac
828 2590 976 2698 singuli
998 2591 1043 2669 in
1059 2588 1349 2670 Bibliothecam
1372 2607 1467 2672 sunt
1496 2589 1754 2699 reportandi,
1773 2589 1883 2671 unde
1904 2617 1969 2671 se·

604 2717 735 2796 cundi
761 2715 925 2795 demum
948 2712 1140 2792 feriarum
1165 2710 1441 2826 hebdomade,
1468 2714 1699 2820 praescripto
1731 2717 1758 2814 §
1784 2713 1803 2791 I
1827 2712 1969 2794 ohser-

603 2855 721 2938 vato,
739 2837 867 2946 repeti
886 2851 1066 2944 possunt
1118 2903 1123 2913 ,
1223 2941 1333 3039 §VI

656 3136 869 3225 Terminis¹
883 3157 1004 3242 supra
1026 3130 1212 3213 indicatis
1234 3132 1376 3242 elapsis
1398 3158 1473 3213 nec
1492 3130 1608 3211 libris
1632 3114 1971 3225 aProfessoribns

603 3257 774 3353 redditis
797 3254 986 3341 Custodis
1012 3272 1073 3335 est
1097 3282 1166 3335 eos
1194 3252 1421 3335 admonere.
1452 3253 1578 3356 Quod
1603 3255 1639 3335 si
1661 3256 1766 3334 iutra
1793 3269 1970 3363 quatuor

606 3380 692 3459 dies
709 3379 760 3460 ab
779 3380 852 3460 hte
870 3378 1145 3475 admonitione
1164 3378 1240 3485 legi
1249 3377 1436 3459 nondum
1452 3377 1727 3476 satisfecerint,
1735 3403 1816 3486 pro,
1829 3377 1989 3486 quiris,

604 3502 794 3583 ulteriore
815 3500 1090 3601 admonitione
1109 3518 1255 3613 quarto
1275 3527 1444 3611 quoque
1463 3499 1530 3578 die
1553 3497 1772 3603 repetenda
1788 3495 1984 3604 Custodi.

605 3624 783 3708 florenus
810 3651 887 3734 pro
914 3627 1054 3707 Museo
1078 3623 1321 3708 Aoademic‘o
1343 3619 1561 3703 solvendus
1581 3634 1651 3695 est
1676 3614 1680 3624 ’

1220 3811 1247 3906 §
1272 3805 1359 3884 VII.

655 4001 716 4080 Ex
742 3996 989 4081 Bibliothech
1018 3999 1186 4081 omnino
1215 3992 1410 4107 asportari
1431 4019 1516 4075 non
1541 4006 1713 4101 possunt
1741 4006 1822 4071 tam
1846 4014 1968 4097 opera

603 4122 754 4232 majora
781 4142 822 4203 et
849 4121 1068 4230 generalia,
1087 4150 1177 4231 quae
1200 4120 1251 4201 ad
1274 4115 1542 4200 evolvendum
1564 4114 1786 4253 unicuique
1810 4137 1987 4251 semper·

603 4262 821 4365 suppetere
828 4235 999 4346 debent
1021 4262 1068 4325 ut
1080 4243 1198 4324 Libri
1211 4226 1555 4350 Bibliographioi,
1574 4236 1709 4322 Thesa
1717 4262 1795 4338 un,
1825 4234 1968 4312 Lexica

601 4368 753 4510 Majora
773 4387 868 4471 eto,
887 4397 1013 4499 quam
1044 4396 1166 4478 opera
1194 4364 1424 4477 splendida
1433 4381 1474 4444 et
1491 4364 1686 4474 pretiosa,
1708 4387 1802 4439 cum
1828 4338 1966 4463 'figuris

502 4525 506 4537 ·
604 4494 670 4575 aeri
697 4493 833 4576 incisis
863 4509 956 4576 etc:
947 4516 1173 4606 ,quorum
1175 4487 1391 4597 catalogus
1413 4505 1473 4571 est
1494 4480 1779 4567 conficiendus.
1804 4476 1963 4581 Quodsi

2228 4307 2231 4424 i

2229 5171 2231 5260 i
