4509 5875
613 703 653 774 ῳ
938 672 1441 745 soannrsnarrrsrn
1464 623 1682 750 morsu..¹

610 871 735 978 Quod
753 875 788 952 si
810 869 1135 976 fiat-languescit
1160 897 1308 980 corpus
1331 887 1401 952 aut
1428 887 1606 977 aegrotat,
1636 884 1677 958 et
1705 869 1783 952 nisi
1810 872 1970 977 reprimi

608 997 779 1107 possint,
793 1021 903 1076 mors
924 996 1111 1102 sequitur
1131 1012 1171 1072 et
1195 993 1384 1102 deinceps
1401 990 1662 1101 putrefacti03
1684 994 1890 1096 ingratum
1907 991 1979 1074 sed

610 1122 883 1229 vegetantium
914 1118 1129 1220 nutritioni
1157 1116 1340 1226 adeoque
1369 1133 1523 1198 naturae
1554 1117 1850 1199 conservationi
1893 1143 1979 1196 om·

610 1248 712 1336 nino
728 1243 996 1324 necessarium
1016 1240 1323 1348 phaenomenom
1339 1238 1452 1350 quod
1474 1243 1656 1349 quamvis
1677 1267 1761 1320 uon
1780 1239 1981 1346 organicis

612 1365 684 1451 sed
704 1366 892 1446 chemicis
916 1362 1073 1458 viribus
1087 1363 1422 1471 ,producatur‚in
1445 1362 1558 1450 nullo
1577 1363 1656 1449 alio
1685 1365 1762 1444 uisi
1786 1362 1979 1468 organico

612 1515 784 1594 corpore
815 1487 952 1564 locum
978 1479 1127 1560 habere
1159 1499 1294 1589 potest
1308 1511 1331 1578 ;.
1350 1484 1501 1561 scilicet
1534 1485 1611 1562 alia
1646 1511 1816 1591 corpora
1845 1484 1982 1564 omnia

614 1605 879 1688 affinitatibus
905 1604 1094 1680 chemicis
1114 1601 1312 1709 producta
1331 1602 1490 1704 legibus
1508 1604 1694 1682 chemicis
1722 1631 1796 1710 per
1821 1631 1861 1681 se
1887 1631 1983 1682 con·

617 1729 761 1808 formia
787 1741 901 1822 sunt,
922 1739 962 1802 et
984 1723 1028 1801 in
1045 1751 1087 1801 se
1113 1749 1199 1799 non
1226 1723 1436 1802 continent
1452 1721 1583 1803 ullum
1610 1725 1786 1832 propriae
1813 1722 1985 1806 destruc·

614 1847 1004 1956 tionisprincipium.
1014 1847 1117 1945 Quae
1127 1860 1261 1924 autem
1271 1842 1427 1926 viribus
1442 1843 1634 1929 vitalibus
1651 1845 1859 1926 efformata
1874 1864 1989 1941 sunt,

615 1971 688 2052 ubi
706 1972 787 2049 vita
805 1985 945 2065 cessat,
965 1995 1061 2046 mox
1082 1969 1392 2047 committuntur
1409 1967 1566 2050 viribus
1586 1967 1796 2074 chemicis,
1819 1997 1894 2079 per
1915 1969 1984 2050 has

615 2094 734 2172 citius
755 2108 823 2170 aut
845 2081 973 2170 serius
994 2089 1366 2198 decomponuntur,
1389 2090 1629 2201 rediguntur
1655 2097 1699 2172 in
1722 2111 1874 2174 statum
1894 2093 1984 2174 sim·

617 2215 828 2322 pliciorem
851 2231 892 2292 et
917 2210 967 2290 ad
989 2239 1159 2318 regnum
1177 2242 1261 2293 non
1286 2219 1568 2320 organicorum
1589 2215 1851 2326 repelluntur.

671 2439 733 2520 Ex
762 2437 881 2516 dictis
907 2437 1001 2514 satis
1027 2434 1187 2550 elucet,
1217 2463 1342 2550 quare
1373 2435 1576 2538 Chemici‚
1604 2442 1790 2550 quamvis
1821 2466 1989 2549 corpora

621 2591 712 2674 quae
727 2590 750 2640 e
767 2587 895 2666 regno
914 2561 1105 2665 organico
1124 2559 1324 2666 originem
1342 2557 1513 2660 habent,
1537 2563 1673 2642 omnia
1692 2562 1986 2670 decomponere

621 2683 789 2795 quidem
809 2685 985 2792 possint,
1004 2701 1202 2763 eteorum
1224 2685 1424 2793 principia
1442 2688 1746 2784 constituentia,
1772 2713 1857 2765 non
1883 2711 1988 2766 asse·

621 2836 708 2888 ram
734 2809 891 2903 omnia,
911 2805 983 2884 sed
1003 2804 1144 2886 saltem
1163 2807 1382 2915 palpabilia
1403 2836 1661 2914 cognoscere;
1675 2808 1830 2889 nullam
1855 2825 1989 2918 tamen

622 2958 836 3011 excomm
860 2927 1086 3030 elementis,
1108 2947 1332 3037 utcumque
1352 2932 1518 3037 exiguus
1538 2933 1591 3009 sit
1607 2931 1758 3008 herum
1774 2958 1988 3027 numerus,

622 3064 858 3161 regenerare
880 3051 1057 3149 valeant,
1078 3076 1166 3133 non
1186 3050 1444 3129 solummodo
1472 3076 1557 3127 non
1581 3047 1802 3129 auriculam
1828 3066 1898 3129 aut
1920 3077 1991 3130 un·

622 3204 766 3285 guem,
784 3173 857 3255 sed
878 3202 1013 3284 neque
1032 3174 1164 3283 pilum
1180 3170 1288 3269 felis,
1308 3190 1378 3252 aut
1400 3177 1524 3253 cerasi
1543 3172 1750 3283 petiolum.
1780 3174 1887 3253 Hinc
1907 3202 1990 3255 non

622 3296 814 3380 audiendi
836 3316 932 3377 sunt
952 3299 1024 3407 qui
1047 3322 1195 3377 rerum
1221 3297 1459 3415 sanguinem
1486 3298 1530 3375 in
1558 3295 1797 3377 laboratorio
1825 3323 1867 3377 se
1891 3324 1988 3404 pro·
2057 3320 2065 3332 ·

624 3419 784 3501 duxisse
814 3417 1039 3518 venditant,
1066 3417 1112 3500 et'
1131 3419 1221 3499 illos
1243 3422 1288 3499 in
1310 3444 1462 3501 vanum
1489 3419 1991 3533 laborasse,manilest11m

623 3562 697 3644 est,
707 3561 910 3655 quotquot
922 3546 1004 3623 sint
1017 3536 1324 3653 quivoluerrmt
1341 3547 1539 3652 organicae
1555 3562 1713 3627 ¹naturae
1731 3543 1991 3655 phaenomena

624 3668 822 3776 explicare
848 3665 1005 3747 viribus
1025 3683 1097 3744 aut
1113 3666 1304 3744 chemicis
1319 3684 1390 3743 aut
1406 3668 1663 3759 mechanicis,
1676 3696 1726 3759 eae
1743 3694 1827 3773 quo
1846 3690 1990 3767 genere

623 3807 719 3872 sunt
740 3790 825 3867 haec
843 3805 886 3868 et
907 3786 1077 3867 similia:
1092 3784 1359 3868 elevationem
1386 3784 1608 3866 fluidorum
1626 3782 1671 3863 in
1697 3782 1807 3864 tubis
1826 3780 1989 3891 capella-

624 3913 739 3995 ribus
762 3908 1016 3999 manifestam
1042 3908 1214 3993 reddere
1234 3911 1451 4008 rationem,
1481 3934 1773 4021 quaresuccus
1797 3906 1992 3987 arborum

626 4062 677 4123 ac,
689 4031 918 4141 plantarum
937 4032 1034 4118 iude
1049 4032 1223 4117 aradice
1239 4032 1292 4115 ad
1309 4060 1485 4114 summas
1501 4058 1706 4117 ramorum
1719 4031 1993 4141 foliorumque

626 4160 896 4250 extremitates
922 4156 1140 4243 meandent
1162 4184 1238 4267 per
1261 4158 1519 4237 tenuissimos
1535 4156 1709 4256 canales,
1729 4155 1858 4235 tubos'
1871 4152 1992 4263 oapil-

628 4278 752 4377 lares,
772 4296 818 4359 ut
840 4276 1644 4387 perhibent,referenteszcirculationem
1663 4281 1777 4390 (prasi
1792 4266 2000 4356 mechania

630 4430 720 4485 cam
740 4398 966 4486 fluidorum
993 4434 1068 4515 per
1088 4408 1330 4487 tenerrimos
1350 4404 1518 4487 tubulos
1542 4410 1614 4517 qui
1639 4408 1688 4484 'in
1713 4428 1883 4512 corpore
1904 4392 1989 4478 aui·

629 4527 723 4612 mali
732 4526 1008 4625 inveniuntur,
1018 4530 1420 4647 explanare,etplura
1429 4526 1991 4641 hujusgenerispheenomena.
