4509 5875
624 638 671 709 26
1018 595 1397 708 cauorruucnvn
1421 637 1592 710 insuar

621 820 704 919 rios
735 816 855 921 hujus
883 814 977 921 pagi
1004 840 1143 894 amnes
1165 813 1457 915 recensendus,
1491 840 1614 923 quem
1635 814 1842 919 'integrum
1871 840 1997 893 ame·

617 938 720 1019 ridie
748 936 800 1016 ad
826 935 995 1016 boream
1022 934 1202 1045 perfluit,
1227 936 1408 1017 medium
1435 964 1595 1045 semper
1622 936 1795 1019 Scaldim
1823 938 1928 1019 inter
1956 952 1996 1014 et
2098 937 2104 947 ’

617 1061 794 1139 sennam
821 1073 978 1160 tenens,
1004 1086 1110 1169 quos
1132 1088 1207 1146 suo
1233 1088 1355 1145 cursu
1381 1062 1606 1144 comitatur.

1241 1276 1267 1370 s
1294 1271 1361 1348 tx.

668 1454 863 1573 Superest'
887 1482 934 1543 ut
957 1465 1008 1544 de
1038 1468 1164 1545 Fossa
1194 1466 1423 1545 Ottoniono
1458 1466 1531 1545 illa
1560 1465 1806 1577 loquamur,
1840 1472 1884 1549 in
1914 1470 1996 1578 quai

617 1584 880 1671 describenda
904 1582 1006 1666 nulli
1030 1602 1263 1692 congruunt
1285 1586 1511 1696 scriptores.
1534 1586 1758 1667 Audiamus
1777 1604 1912 1672 autem
1933 1590 1994 1668 rei

614 1709 845 1791 historiam:
866 1708 967 1791 Otto
996 1710 1016 1787 Ι
1037 1710 1158 1817 imp,
1187 1706 1322 1789 sedata
1342 1708 1627 1815 Lotharingiti,
1647 1708 1864 1823 fractisque
1888 1714 1992 1821 opti·

554 1914 560 1926 ,
615 1850 768 1929 matum
796 1832 968 1935 viribus,
997 1832 1165 1912 internae
1184 1832 1273 1940 paci
1299 1830 1491 1937 studens,
1514 1860 1609 1912 suos
1637 1852 1778 1913 contra
1805 1850 1991 1914 externos

614 1956 749 2036 hostes
775 1956 880 2039 tueri
908 1973 1078 2037 conatus
1101 1972 1170 2035 est.
1196 1954 1243 2036 Id
1264 1972 1398 2036 autem
1425 1958 1621 2066 temporis
1643 1956 1796 2037 Scaldis
1824 1956 1994 2035 limitem

615 2080 721 2159 inter
762 2076 1064 2185 Letharingiam
1103 2095 1146 2158 et
1180 2076 1356 2159 Galliam
1387 2076 1503 2187 juxta
1536 2080 1714 2185 regionis
1750 2078 1993 2163 divisionem

484 2269 488 2274 ,
584 2212 643 2281 'a.
674 2198 753 2299 643
784 2199 949 2305 factam,
980 2202 1258 2283 constituebat.
1291 2204 1391 2283 Otto
1429 2202 1529 2309 Imp.
1567 2200 1786 2280 Castellum
1823 2198 1990 2279 Ganda-

614 2351 753 2425 vense,
774 2324 819 2402 in
843 2318 974 2402 Scaldi
987 2322 1126 2425 situm,
1143 2324 1366 2405 terminum
1384 2324 1491 2402 inter
1511 2349 1602 2402 suas
1620 2340 1662 2400 et
1691 2322 1830 2401 Galliae
1851 2340 1995 2423 terras,
2021 2358 2024 2365 ·

614 2474 694 2526 suae
719 2444 885 2525 ditionis
908 2472 994 2525 esse
1022 2442 1251 2541 contendit;
1275 2442 1390 2554 quod
1411 2443 1505 2524 ideo
1531 2443 1610 2524 sibi
1629 2444 1852 2550 arrogavit,
1870 2441 1994 2523 aliud·

613 2594 693 2677 que
721 2568 1059 2670 munitissimum,
1081 2594 1229 2647 novum
1246 2566 1515 2676 appellatum,
1534 2592 1567 2647 a.
1594 2565 1673 2676 942
1695 2565 1917 2666 aedificavit,
1944 2580 1992 2645 ut

613 2715 663 2771 co
691 2687 838 2773 lortius
868 2716 932 2773 res
962 2716 1053 2774 suas
1082 2688 1329 2773 defenderet.
1366 2692 1537 2799 Insuper
1561 2706 1697 2771 autem
1722 2687 1788 2769 vel
1818 2690 1992 2769 Fossam

611 2810 714 2889 lianc
745 2810 971 2911 excavavit,
997 2836 1021 2887 a
1048 2837 1091 2887 se
1119 2812 1285 2911 dictam,
1306 2814 1387 2917 qua
1409 2812 1546 2893 denuo
1576 2837 1770 2913 magnum
1790 2828 1991 2891 terramm
2119 2910 2121 2918 .

612 2949 805 3034 tractum,
823 2959 947 3041 quem
971 2930 1200 3040 Ottingiam
1226 2958 1376 3039 pagum
1395 2932 1659 3038 nuncupavit,
1676 2930 1721 3008 in
1743 2955 1857 3009 suam
1877 2928 1992 3009 ditio-

612 3081 708 3135 nem
735 3055 868 3165 rapuit
895 3053 962 3162 (1).
982 3056 1088 3133 Ante
1108 3055 1274 3135 Ottonis
1291 3070 1448 3132 aetatem
1467 3080 1607 3133 omnes
1634 3051 1717 3132 fere
1739 3051 1858 3159 (ham
1876 3053 1988 3146 enim

611 3167 850 3260 sententiam
882 3176 946 3259 vel
985 3176 1094 3258 docti
1126 3177 1371 3257 recentiores
1402 3177 1480 3255 viri
1508 3175 1805 3285 sequebantur)
1835 3175 1988 3254 insulas

610 3301 857 3383 Bevelandiae
879 3317 919 3382 'et
936 3302 1146 3382 Walacriae
1167 3299 1391 3380 continenti
1416 3297 1660 3378 addixerunt
1679 3298 1756 3404 (a),
1779 3323 1879 3407 quas
1900 3299 1986 3404 ipse

610 3423 882 3528 Otto,ellossd
908 3423 1100 3529 canali,a
1123 3423 1348 3502 continenti
1375 3437 1483 3499 terra
1508 3418 1750 3500 ademisset:
1774 3442 1898 3530 quam
1922 3445 1986 3498 ca·
2052 3457 2054 3462 ·

607 3547 730 3664 nalim
759 3549 803 3628 in
825 3545 975 3628 Scaldis
997 3549 1109 3627 ostiis
1136 3543 1452 3627 occidentalibus
1471 3541 1568 3649 (den
1597 3543 1711 3622 Hont
1749 3541 1981 3645 nominatis)

608 3669 859 3782 quaerebant,
895 3674 949 3753 ita
982 3688 1029 3752 ut
1055 3669 1310 3750 Boaleornius
1344 3665 1412 3772 (3)
1451 3666 1646 3744 continuo
1679 3692 1834 3745 novum
1860 3661 1976 3772 hujus

536 3827 541 3833 ·
610 3792 668 3874 rei
697 3787 981 3899 argumentum
1013 3822 1062 3874 ex
1091 3793 1204 3872 vocis
1231 3817 1333 3870 sono
1366 3787 1467 3895 (den
1496 3787 1625 3892 Hont)
1654 3787 1828 3867 duceret.
1858 3783 1984 3865 Zoad

648 3991 697 4080 (r)
720 3993 916 4058 Ουυιοιιιτ
934 3994 969 4056 in
991 3977 1106 4057 claron.
1125 4013 1155 4056 c.
1180 3996 1232 4071 ad.
1250 4029 1294 4043 --
1309 3991 1466 4057 Chronic.
1486 3992 1516 4058 S.
1539 3989 1738 4056 cavositas
1768 4009 1820 4052 an.
1855 3987 1980 4075 941.-

605 4102 772 4177 namn,
799 4095 969 4187 Trophdes
997 4095 1240 4164 decubanti.
1264 4119 1322 4164 ιι..
1340 4131 1386 4150 ·-
1407 4098 1549 4178 Darem,
1574 4094 1721 4169 uuum
1742 4096 1852 4186 gdum.
1878 4091 1922 4162 do
1937 4089 1983 4154 la

608 4203 715 4293 nug„
729 4220 809 4271 tom.
832 4204 879 4297 11,
893 4225 925 4292 p.
946 4223 1019 4298 roy.
1456 4235 1457 4238 ¹

652 4358 700 4448 (a)
722 4360 802 4434 vid,
816 4363 867 4431 Da
879 4363 1030 4439 liccam,
1043 4381 1073 4423 v.
1083 4357 1126 4425 cl.
1143 4357 1348 4462 Opp3Acad.
1361 4320 1451 4435 anno
1467 4381 1481 4434 ,ι
1488 4317 1564 4463 ῃτικ
1572 4357 1679 4471 edita,
1696 4347 1807 4446 '1³-⁵8·
1830 4313 1833 4316 Ι
1856 4443 1860 4456 ,
1890 4405 1894 4449 ,

573 4490 575 4493 ’
616 4470 620 4479 ’
650 4515 698 4608 (s)
720 4517 1313 4606 ctroa.zaemaenae,r.1,p.ss.
