4509 5875
606 630 664 694 12
1103 587 1421 696 ruarmo.

599 748 986 891 comperimus,
1012 782 1142 870 nos,
1174 751 1380 890 optima
1417 746 1542 847 licet
1570 746 1709 871 fide,
1741 790 1852 893 non
1876 776 1964 855 ta·—

596 925 723 991 men
743 888 955 1030 ..optime
971 908 1182 987 secutos
1209 922 1322 986 esse
1345 886 1616 1027 regiorum
1640 909 1964 995 statutorum

468 1074 477 1145 g
599 1026 889 1129 articulum
912 1023 1149 1147 CLXIII,
1181 1024 1276 1168 qui
1307 1026 1577 1127 orationes
1593 1026 1794 1165 publice
1813 1028 1965 1130 habi·

600 1190 678 1269 tas
706 1168 765 1267 in
787 1160 1093 1268 Annalibus
1116 1161 1496 1309 exscribendas
1511 1162 1682 1307 jubet.

669 1340 781 1443 Nos
798 1338 1279 1484 vero-quoniam
1292 1337 1624 1444 auditorium
1642 1346 1818 1486 majus
1836 1344 1969 1444 Aca·

598 1476 787 1582 demiae
827 1476 1075 1585 nondum
1119 1502 1372 1621 paratum
1413 1479 1849 1630 adornatumque
1883 1520 1968 1585 ex·

598 1618 803 1738 stabat,
836 1621 892 1719 in
924 1654 1177 1719 consessu
1206 1646 1517 1724 nostrorum
1543 1624 1860 1759 uniuscujus
1902 1659 1969 1719 ue

596 1755 770 1899 quivis
809 1752 1240 1899 discipulorum,
1279 1759 1511 1903 ideoque
1532 1758 1806 1897 prt'vatt'rn,
1848 1661 1969 1858 illas

582 1890 893 1997 ⁴habuimus
923 1898 1206 2002 orationes.

664 2070 976 2205 Ne.itaq11e
1017 2070 1225 2165 diutim
1258 2074 1399 2165 circa
1439 2072 1583 2163 lianc
1615 2070 1969 2201 quaestionem

595 2201 751 2306 dubii
787 2200 1146 2323 haereremus,
1180 2194 1457 2327 decretum
1496 2199 1698 2311 summi
1737 2214 1850 2341 ejus
1893 2210 1970 2310 rei

593 2338 952 2445 moderatoris
989 2332 1281 2441 conatibus
1308 2338 1505 2441 nostris
1535 2340 1834 2443 intercessit
1857 2378 1969 2443 eos·

596 2518 703 2624 que
754 2478 823 2581 ad
869 2480 1039 2619 legem
1081 2482 1197 2615 jam
1234 2474 1624 2626 praecedentem
1662 2481 1965 2605 revocavit,

597 2657 714 2762 quae
743 2616 1072 2721 Professores
1097 2630 1286 2713 omnes
1295 2646 1515 2842 fumum
1553 2608 1622 2711 ad
1651 2611 1965 2735 cathedram

595 2780 811 2855 vocatos
828 2754 931 2849 hac
953 2747 1283 2883 obligatione
1328 2743 1761 2870 iberans,recens
1785 2792 1965 2856 crean-

598 2890 680 2996 dis
712 2884 933 2989 solitnm
961 2881 1198 3024 imponit
1234 2878 1493 2985 officium.

615 3177 620 3184 ,
668 3059 817 3194 Quid
866 3057 1075 3203 plura?
1118 3056 1323 3165 Remisi
1369 3055 1966 3171 dissertatiuncularum

598 3204 975 3308 orationumve
992 3221 1169 3302 totum
1185 3196 1502 3318 thesaurum
1526 3197 1595 3321 ad
1609 3243 1769 3307 suum
1783 3245 1967 3348 quam·

599 3343 735 3447 libet
763 3367 1053 3448 auctorem.
1498 3481 1502 3489 ι
1553 3429 1559 3447 ,
1621 3415 1628 3456 2

617 3562 618 3570 κ
670 3501 788 3602 Hoc
812 3509 1010 3605 rerum
1046 3499 1249 3600 intuitu
1298 3495 1531 3603 decrevit
1566 3500 1793 3605 Senatus
1831 3497 1966 3608 Αθα-

603 3637 857 3766 demicus,
886 3664 946 3742 ut
967 3640 1131 3782 primi
1147 3663 1199 3741 et
1211 3637 1434 3742 secundi
1450 3643 1758 3784 annigesta,
1775 3647 1965 3782 qualu-

603 3777 904 3882 admodum
927 3815 1039 3878 uno
1067 3775 1368 3920 eodemque
1389 3780 1614 3883 Rectore
1634 3802 1810 3883 essent
1825 3776 1967 3880 exhi·

603 3916 738 4041 bita,
761 3917 837 4018 ita
859 3915 1021 4020 etiam
1044 3913 1205 4018 simul
1227 3941 1283 4019 et
1307 3917 1417 4020 unzi
1439 3917 1750 4042 ederentur,
1768 3955 1964 4058 meque

605 4057 844 4179 monuit,
873 4079 933 4156 ut
959 4053 1068 4157 haec
1108 4054 1225 4178 tibi,
1244 4056 1435 4159 Lector
1470 4057 1750 4183 benevole3
1779 4055 1963 4197 praefa·

608 4202 705 4300 rerss
737 4192 885 4302 Vale.
909 4195 1131 4304 Lovanii
1158 4193 1544 4301 MDCCCXXI.

1310 4475 1364 4578 r.
1388 4474 1431 4578 J.
1460 4424 1819 4584 uunssecn.
