4509 5875
580 599 626 688 94
1018 600 1078 666 sa.
1104 598 1135 663 s.
1162 575 1460 662 nascantur

578 773 684 882 tiqui
703 773 861 856 codices
871 775 1131 883 manuscripti
1149 773 1431 874 continentur,
1448 796 1539 878 quae
1551 767 1663 848 haud
1680 772 1955 876 spernendum

454 977 456 982 .
580 895 837 976 Bibliothecae
859 897 1108 980 Academica
1127 896 1377 1007 principium
1403 893 1670 973 constituunt.

628 1138 773 1248 Neque
796 1155 934 1216 tamen
959 1079 1098 1236 iniis,
1116 1161 1207 1247 quae
1228 1131 1643 1236 aderant,videbatur
1667 1083 1756 1214 esse
1776 1072 1957 1243 adquies

452 1289 456 1297 ·
575 1259 761 1342 cendum.
792 1261 844 1338 Et
866 1284 1061 1339 numeros
1076 1256 1393 1361 librorum,tam
1414 1257 1591 1366 antiquis
1611 1281 1737 1366 quam
1750 1258 1950 1338 recentio-

572 1380 689 1460 ribus
728 1380 920 1461 omnibus
960 1380 1109 1486 linguis
1147 1381 1497 1485 consignatorum,
1536 1406 1642 1490 quos
1676 1378 1956 1477 munificentia

573 1503 693 1609 Regis
719 1501 844 1610 adjuti
864 1529 915 1582 ex
941 1501 1135 1582 omnibus
1160 1505 1332 1610 Europae
1351 1502 1535 1610 partibus
1553 1502 1635 1583 huc
1653 1503 1952 1606 arcessirimus,

572 1641 706 1704 tantus
738 1639 817 1717 est,
852 1641 900 1703 ut
929 1626 1155 1734 antiquum
1172 1625 1428 1726 Bibliothecae
1455 1627 1631 1732 spatium
1664 1653 1751 1704 non
1777 1627 1951 1735 amplius

570 1747 759 1851 sufficiat,
787 1745 859 1828 aed
898 1747 965 1826 alii
997 1765 1140 1828 ‚essent
1174 1747 1332 1857 aliquot
1367 1748 1443 1824 oeci
1476 1745 1864 1854 circumspiciendi,
1906 1750 1952 1826 ia

571 1870 723 1980 quibus
739 1870 911 1947 maxi-s
926 1893 1070 1948 eorum
1085 1894 1179 1976 pars
1200 1868 1475 1948 collocaretur.
1494 1870 1582 1948 Jam
1602 1895 1702 1949 vcro
1726 1868 1750 1948 ὲ
1768 1868 1949 1948 secundo

570 1993 665 2070 anni
696 1990 886 2070 scholaris
927 1991 1110 2088 semestri
1154 1989 1288 2070 aditus
1319 2019 1487 2102 quoque
1527 2009 1610 2070 tam
1648 1989 1948 2070 Professoribus

570 2139 693 2224 quam
726 2113 933 2192 literarum
967 2112 1160 2193 studiosis
1193 2113 1357 2222 patebat
1383 2113 1436 2193 ad
1474 2141 1522 2193 ea
1558 2141 1713 2221 opera,
1742 2141 1834 2224 quae
1865 2113 1951 2191 illo·

569 2261 663 2317 rum
690 2233 823 2316 studia
846 2251 1012 2341 possent
1032 2233 1254 2316 sublevare.

621 2483 723 2584 Quae
746 2506 840 2559 cum
868 2478 985 2562 vobis
1009 2503 1192 2588 expono,
1214 2478 1433 2560 Auditores
1462 2479 1785 2583 honoratissimi,
1806 2508 1946 2562 meum

567 2630 651 2684 esse
692 2603 896 2704 existimo,
927 2599 1151 2680 Academiae
1188 2619 1337 2683 nostrae
1370 2605 1537 2682 nomine
1571 2604 1735 2712 publice
1785 2623 1944 2711 gratum

567 2729 748 2806 animum
765 2721 967 2803 testificari
990 2720 1154 2828 collegis
1172 2723 1275 2823 illis,
1296 2725 1369 2832 qui
1387 2724 1588 2833 indefesso
1615 2724 1754 2806 labore
1777 2729 1953 2840 suisque

565 2848 689 2928 rebus
729 2842 1036 2950 commodisque
1076 2843 1339 2948 posthabitis,
1372 2844 1489 2925 libris
1517 2849 1717 2958 antiquis,
1744 2851 1817 2961 qui
1853 2876 1945 2959 pro·

565 2970 717 3049 miscue
745 2983 862 3043 erant
890 2964 1074 3069 undique
1103 2964 1274 3068 dispersi
1302 2985 1372 3048 aut
1388 2970 1628 3070 coacervati,
1649 2988 1691 3047 et
1712 2973 1944 3074 separandis

564 3110 605 3173 et
633 3084 895 3198 disponendis
924 3083 1145 3163 voluerunt
1173 3107 1350 3191 praeesse.
1377 3082 1636 3164 Bibliothecae
1662 3106 1798 3167 autem
1825 3090 1944 3173 alicu·

560 3214 625 3324 jus
652 3205 943 3298 constituendae
962 3222 1003 3283 et
1028 3202 1262 3284 ordinandae
1287 3231 1391 3311 opus
1410 3231 1503 3283 cum
1526 3222 1609 3284 tam
1625 3206 1810 3287 arduum
1836 3229 1941 3292 tam-

563 3363 643 3447 que
662 3330 824 3412 difficile
844 3330 918 3431 sit,
943 3344 991 3407 ut
1020 3354 1104 3406 uno
1128 3327 1307 3407 alterove
1326 3354 1434 3405 anno
1459 3326 1615 3408 absolvi
1629 3336 1846 3441 ue‘queat,
1873 3362 1941 3415 ω.

562 3480 702 3564 gamus
724 3451 910 3554 eosdem,
927 3466 975 3530 ut
999 3450 1211 3555 negotium
1232 3448 1352 3551 illud,
1370 3448 1508 3529 labore
1526 3450 1729 3562 taedioque
1753 3454 1939 3562 plenissi-

560 3604 704 3681 mum,
731 3568 838 3655 anno
878 3574 1116 3679 insequente
1143 3569 1287 3651 eadem
1325 3569 1554 3651 assiduitate
1590 3575 1824 3655 continuare
1851 3606 1938 3659 non

560 3714 757 3779 recusent.
777 3692 902 3797 Quod
931 3720 1029 3773 vero
1060 3692 1202 3772 attinet
1218 3692 1269 3771 ad
1297 3710 1462 3773 externa
1490 3692 1669 3773 subsidia
1692 3723 1833 3777 earum
1856 3700 1932 3780 Fa-

559 3820 775 3920 cultatum,
802 3814 953 3926 quibus
983 3814 1065 3893 haec
1093 3832 1190 3894 sunt
1205 3816 1444 3919 necessaria,
1462 3816 1652 3925 Princeps
1673 3835 1812 3899 noster
1840 3848 1931 3901 mu·

559 3936 883 4023 nilicentissimus
904 3964 949 4015 ea
977 3938 1112 4016 omnia
1138 3936 1260 4030 nobis
1279 3938 1498 4044 largissime
1526 3944 1739 4035 concessit,
1763 3972 1852 4053 quae
1877 3946 1929 4023 ad

559 4064 757 4172 optimam
777 4058 1072 4141 institutionem
1093 4060 1370 4169 requiruntur.
1399 4064 1447 4141 ln
1465 4062 1516 4141 iis
1533 4062 1700 4172 quidem
1720 4066 1929 4145 Facultati·

557 4186 636 4265 bus
658 4184 865 4295 precipua
890 4198 988 4262 sunt
1013 4181 1324 4290 Disciplinarum
1354 4184 1725 4266 Mathematicarnm
1754 4204 1795 4266 et
1819 4187 1927 4294 Phy-

557 4310 750 4411 sicarum,
773 4323 814 4388 et
832 4306 940 4385 Artis
967 4304 1140 4384 Medicas.
1161 4308 1240 4386 Pro
1258 4306 1333 4387 hac
1354 4326 1487 4388 autem
1508 4310 1627 4390 nobis
1650 4310 1731 4419 jam
1752 4308 1819 4389 hic
1837 4338 1925 4421 sup·

557 4430 747 4538 petebant
784 4426 946 4509 aedificia
986 4428 1219 4509 anatomicis
1255 4427 1664 4515 demonstrationibus
1705 4430 1922 4535 destinata,
