4509 5875
627 618 671 689 18
1018 609 1187 681 cenom
1208 610 1397 679 EUGENlI
1422 609 1591 679 lusum·

623 798 769 877 enam
788 808 829 873 ec
848 791 966 873 neme
984 785 1256 867 tenentem
1276 802 1317 867 ec
1337 756 1581 895 tingente
1599 784 1679 865 oet
1688 784 1979 878 exuberantem,

624 918 727 997 laete
750 931 791 995 et
807 914 923 993 melle
938 927 980 992 et
999 909 1241 993 diversarum
1248 914 1429 1018 frugum
1453 909 1722 1017 arborumque
1743 904 1990 987 abundantio

626 1035 983 1143 animumn.»

677 1226 995 1307 Hosbonmimsie
1020 1250 1165 1333 pagus,
1192 1219 1474 1302 Brachbatensi
1496 1222 1540 1300 in
1563 1223 1752 1301 orientem
1770 1223 1889 1323 situs,
1905 1220 1998 1299 huie

592 1413 598 1425 .
621 1347 848 1429 simillimus
874 1374 959 1428 esse
991 1345 1228 1426 videbitur:
1250 1342 1321 1425 sed
1345 1344 1570 1421 innumeris
1604 1344 1790 1453 quamvis
1818 1342 1999 1449 irriguus

621 1471 674 1547 sit
698 1468 863 1571 rivulis,
883 1484 1019 1545 tamen
1047 1464 1183 1544 solum
1209 1462 1295 1569 ejus
1321 1463 1456 1541 minus
1495 1458 1605 1541 ferax
1643 1462 1997 1571 deprehendimus.

623 1590 751 1694 Regio
774 1604 952 1668 ceterum
970 1581 1220 1694 spectabilis,
1236 1581 1403 1662 urbium
1422 1584 1511 1685 vix,
1532 1580 1602 1661 sed
1621 1582 1809 1663 villarum
1826 1608 1999 1661 numero

623 1734 837 1819 prospera,
852 1725 1016 1818 aspectu
1034 1704 1342 1816 jucundissima,
1364 1703 1602 1815 silvulisque
1630 1704 1796 1809 referta,
1820 1704 1999 1786 venatio·

623 1831 745 1912 nibus
772 1830 884 1939 aptis.

670 2030 926 2138 Hortogovio
948 2030 1044 2109 huic
1070 2028 1313 2109 occilentem
1338 2054 1477 2109 versus
1499 2029 1572 2108 sita
1598 2045 1675 2130 est,
1698 2029 1812 2133 regio
1840 2044 1999 2136 aperta,

620 2150 723 2230 coelo
741 2178 885 2231 sereno
904 2179 949 2230 ac
964 2150 1141 2231 fluviolis
1168 2152 1323 2256 gavisa,
1348 2148 1488 2230 fertilis
1516 2178 1601 2231 non
1626 2150 1770 2229 minus.
1796 2150 1902 2229 Hinc
1923 2147 2020 2229 fre··

622 2298 752 2381 quens
775 2268 942 2381 quoque
967 2272 1196 2353 incolarum
1218 2273 1343 2381 copia.
1368 2271 1432 2352 Ad
1448 2276 1641 2351 orientem
1659 2301 1779 2375 vero,
1797 2272 1870 2352 ubi
1890 2270 2000 2351 obte-

619 2392 791 2499 gebatur
805 2393 1041 2475 densiesima
1055 2392 1125 2476 illa
1138 2396 1378 2475 corbonon'o
1394 2391 1509 2497 silvt,
1524 2392 1680 2475 deserta
1694 2392 1819 2473 ferme
1835 2394 1999 2494 mansit,

620 2540 665 2592 ao
706 2515 908 2620 regalibus
947 2516 1156 2595 nonnullis
1193 2516 1374 2624 palatiis,
1422 2517 1627 2607 venationi
1666 2512 1998 2616 accommodatis,

623 2634 997 2745 monachorumque
1025 2635 1272 2747 quibusdam
1301 2636 1495 2717 coenobiis
1515 2638 1733 2718 inservivit.

671 2821 853 2903 Eandem
886 2838 1037 2903 sortem
1065 2833 1177 2929 pessa
1208 2842 1268 2901 est
1286 2828 1353 2902 vel
1377 2828 1629 2903 Lomoeeneis
1649 2850 1797 2929 pagus,
1820 2827 1894 2933 qui
1922 2820 1994 2903 sil-

623 2971 744 3025 vosus
770 2946 948 3048 integer,
967 2942 1279 3050 oppidulorum,
1300 2944 1568 3053 villarumque
1597 2971 1771 3025 numero
1796 2951 1923 3026 caruit
1951 2973 1997 3028 ac

622 3063 719 3144 solie
748 3063 1043 3144 monachorum
1077 3063 1274 3143 coenobiis
1311 3066 1460 3144 cessit:
1491 3081 1666 3146 attamen
1700 3066 1813 3178 quod
1843 3068 1916 3148 hec
1944 3097 1994 3149 ex

622 3201 737 3291 parte
760 3201 906 3264 natura
926 3186 1104 3291 negavit,
1126 3183 1205 3267 hoc
1227 3215 1249 3267 e
1272 3213 1399 3294 regno
1425 3188 1608 3267 minerali
1627 3191 1703 3298 ipsi
1722 3189 1919 3288 reddidit;
1941 3190 1993 3270 de

624 3305 705 3414 qui
726 3333 770 3385 re
796 3307 963 3388 inferius
989 3309 1154 3414 egimus.

661 3442 707 3524 (r)
724 3446 793 3508 Vite
804 3448 836 3510 8·
850 3447 947 3510 livini
966 3447 999 3507 in
1014 3451 1081 3509 Aet.
1095 3448 1155 3510 88.
1174 3447 1254 3530 Belg.
1277 3449 1360 3509 Tom.
1380 3449 1438 3526 111,
1457 3467 1490 3528 p.
1514 3447 1579 3510 rot.
