4509 5875
631 634 678 705 70
877 604 1119 680 sumatur
1144 602 1243 673 cua.
1267 601 1384 673 vict.
1409 601 1506 673 vau
1529 600 1622 673 nau
1647 602 1767 671 otus

633 804 802 885 omniuo
820 830 956 911 posse,
974 819 1022 882 ut
1046 799 1276 883 dominium
1295 798 1531 879 translatum
1551 796 1797 902 intelligatur
1817 814 1992 905 respectu

600 926 770 1007 habito
792 924 843 1005 ad
864 925 999 1003 solum
1021 924 1326 1025 transferentem
1353 923 1416 999 vel
1444 920 1495 1001 ad
1515 918 1820 999 transferentem
1842 934 1883 997 et
1901 920 1993 999 alios

628 1048 843 1161 quosdam,
857 1048 1042 1157 quamvis
1053 1072 1141 1125 non
1158 1044 1253 1125 ideo
1264 1042 1498 1123 translatum
1516 1042 1712 1121 habeatur
1728 1056 1914 1149 respectu
1930 1040 1996 1125 ha-

553 1191 558 1197 ·
629 1168 718 1250 bito
736 1170 788 1250 ad
801 1186 1114 1248 oaeterosomnes
1121 1190 1324 1275 ,quorum
1337 1165 1519 1265 interest,
1537 1191 1591 1243 ne
1613 1164 1869 1243 translationi
1889 1165 2001 1273 loeus

627 1290 770 1389 fuerit;
788 1289 942 1402 quod'
911 1316 968 1371 sto
985 1285 1296 1395 intelligendum
1307 1304 1386 1367 est·
1396 1285 1631 1367 translatum
1645 1284 1872 1365 dominium
1886 1286 2000 1365 intel

625 1411 696 1517 ligi
711 1439 807 1518 erga
823 1433 894 1491 eos
911 1412 1062 1522 quibus
1075 1410 1248 1489 dominii
1264 1408 1475 1489 translatio
1492 1424 1627 1515 potest
1636 1436 1810 1515 opponi
1827 1408 1997 1489 transla-

624 1548 715 1611 tum
727 1557 814 1611 non
826 1533 998 1636 intelligi
1008 1558 1103 1635 erga
1117 1556 1187 1609 eos
1200 1528 1351 1635 quibus
1361 1528 1532 1607 dominii
1545 1528 1752 1607 translatio
1768 1531 1920 1636 opponi
1935 1556 1998 1608 ne-

627 1652 729 1759 quit
747 1652 975 1755 Nimirum,
989 1650 1150 1760 quoties
1161 1647 1270 1752 leges
1287 1648 1588 1727 translationem
1610 1648 1800 1750 dominii,
1818 1651 1860 1727 in
1876 1676 2000 1757 ᾳιιιιιι

629 1770 682 1849 ah
702 1772 875 1884 utraque
893 1788 1008 1881 parte
1027 1794 1271 1850 eonsensum
1280 1785 1359 1867 est,
1373 1796 1503 1879 usque
1518 1767 1570 1849 ad
1588 1768 1728 1850 factam
1740 1768 2000 1851 traditionem

627 1910 698 1971 aut
711 1894 829 1971 aliam
839 1894 1010 1971 formam
1028 1890 1325 1973 observandam
1342 1890 1539 1971 differunt
1552 1910 1593 1972 et
1606 1894 1723 2003 quasi
1733 1890 1999 2000 suspendunt,

626 2012 704 2093 hoe
725 2042 812 2096 non
825 2014 1151 2095 contrahentium
1165 2015 1294 2121 gratia
1311 2012 1481 2111 iaciunt,
1499 2012 1570 2094 sed
1591 2013 1767 2094 aliorum
1784 2012 2001 2093 commodo

626 2153 668 2214 et
684 2136 819 2217 favore
838 2135 1075 2235 admittunt,
1092 2164 1147 2215 ne
1164 2135 1420 2244 decipiantur
1434 2135 1486 2215 ah
1506 2163 1556 2215 eo
1574 2138 1647 2245 qui
1665 2162 1752 2215 rem
1771 2162 1886 2217 suam
1903 2134 2001 2215 alie·

627 2259 758 2359 navit,
781 2284 876 2336 oum
893 2257 1180 2339 alienationem
1198 2258 1342 2333 factm
1358 2261 1558 2357 gnorent.
1578 2258 1757 2363 Ideoque
1776 2260 1883 2337 inter
1905 2284 2000 2336 eon·

628 2375 833 2457 trahentes
843 2380 951 2456 valet
967 2377 1182 2474 alienatio,
1196 2371 1303 2452 valet
1318 2373 1491 2457 dominii
1506 2373 1734 2474 translatio,
1750 2380 1823 2456 etsi
1839 2376 2001 2457 traditio

626 2525 713 2577 non
743 2498 846 2578 faeta
880 2499 945 2578 rel
977 2496 1054 2577 alia
1078 2495 1225 2575 *forma
1257 2522 1343 2574 non
1379 2494 1588 2575 observata
1622 2494 1772 2594 fuerit,
1807 2500 1927 2577 edun
1957 2501 2001 2575 in

625 2618 676 2697 iis
689 2617 1027 2729 casibus,qu1bus
1044 2634 1180 2697 tamen
1194 2617 1302 2722 leges
1317 2616 1576 2697 traditionem
1595 2633 1665 2696 aut
1686 2616 1805 2697 aliam
1823 2616 2000 2696 formam

625 2739 895 2864 proesoeihuut
913 2736 1223 2836 observandam,
1234 2754 1282 2817 ut
1299 2736 1528 2819 dominium
1546 2738 1784 2821 translatum
1798 2738 1999 2844 intelliga-

627 2876 696 2942 tur
715 2879 899 3002 respectu
915 2860 1058 2943 habito
1075 2858 1126 2941 ad
1147 2858 1269 2963 alios,
1286 2858 1436 2970 quibus
1456 2887 1581 2969 porro
1600 2860 1773 2942 dominii
1791 2861 2000 2944 heiulatio

627 3009 714 3063 nou
730 2986 810 3062 nisi
834 2983 1014 3090 perlecti
1038 2983 1256 3060 traditione
1284 2999 1353 3064 aut
1380 2982 1455 3061 alia
1482 2981 1614 3050 forme
1639 2983 1823 3056 adhibita
1845 2986 2001 3088 opponi

628 3106 792 3213 poterit
820 3105 873 3180 Et
897 3129 948 3180 ea
974 3093 1222 3178 firmantur
1211 3091 1410 3198 imprimis
1435 3107 1506 3170 art.
1540 3091 1642 3175 1583
1675 3112 1715 3174 et
1744 3098 1870 3198 1141,
1897 3128 2002 3212 quos

627 3249 725 3304 mox
742 3221 1024 3317 iudicavimus,
1044 3235 1086 3298 et
1109 3241 1287 3324 quorum
1316 3213 1454 3320 priore
1479 3214 1614 3296 verbis
1636 3215 1746 3296 haud
1769 3217 1906 3301 dubiis
1928 3251 1999 3304 ex·

627 3367 812 3450 pressum
839 3358 902 3422 est
923 3340 1037 3450 quod
1058 3367 1135 3418 nos
1161 3336 1405 3418 sustinemus
1426 3337 1693 3446 principium,
1713 3368 1830 3448 posse
1852 3371 1999 3454 nempe

628 3464 687 3543 rei
714 3461 943 3544 dominium
971 3463 1148 3570 emptori
1175 3459 1329 3569 acquiri
1358 3475 1544 3568 respectu
1569 3459 1712 3543 habito
1732 3463 1783 3543 ad
1813 3463 1999 3548 vendito-

628 3613 737 3685 rem,
754 3586 938 3697 quamris
954 3609 1042 3665 non
1061 3583 1304 3694 acquisitum
1316 3581 1563 3690 intelligatur
1581 3603 1766 3694 respectu
1784 3587 1924 3666 habito
1942 3589 1996 3669 ad

630 3707 730 3786 alios
747 3709 824 3814 (r);
844 3707 971 3788 altero
999 3733 1099 3786 vero
1129 3707 1325 3814 scriptum
1348 3721 1424 3810 est,
1446 3723 1507 3806 ut,
1531 3707 1564 3787 si
1584 3706 1769 3815 pluribus
1791 3710 1885 3818 quis
1908 3737 1997 3790 rem

627 3855 742 3911 suam
762 3828 1014 3912 alienandam
1038 3829 1298 3937 obligaverit,
1323 3827 1382 3907 illi
1411 3827 1639 3911 dominium
1668 3829 1908 3940 acquisitum
1929 3833 1995 3912 in-

671 4073 721 4158 (ι)
732 4077 802 4141 Art.
821 4071 904 4140 1583
917 4071 965 4140 sio
979 4071 1104 4140 hahet:
1125 4103 1140 4132 «
1159 4073 1223 4138 elle
1238 4073 1283 4159 (la
1296 4073 1406 4163 rente)
1421 4089 1472 4140 est
1485 4074 1625 4164 parfaite
1639 4090 1731 4142 anne
1746 4075 1795 4142 les
1811 4075 1949 4165 parties,
1960 4093 1997 4174 ίοι

632 4218 647 4246 ι
672 4190 704 4252 la
717 4197 884 4278 proprietd
901 4211 950 4262 est
965 4195 1098 4284 acquin
1114 4193 1159 4260 de
1178 4193 1267 4260 droit
1283 4199 1302 4259 l
1327 4193 1504 4264 l’acheteur
1520 4195 1543 4262 ὰ
1557 4195 1681 4288 le'gard
1698 4197 1744 4264 du
1761 4197 1917 4281 vmdeur,
1938 4198 1994 4266 des

632 4339 646 4369 ι
672 4328 751 4398 que,
767 4325 828 4375 etc.
849 4341 864 4368 ι
