4509 5875
610 663 652 710 rs
930 640 1443 715 IOANNISBAPTISTAE
1468 644 1655 766 Morus.
1763 664 1781 727 ,’
1900 646 1910 669 ”

564 812 568 821 .
1215 810 1221 823 ι
1343 792 1359 825 0

608 837 741 947 primd
764 836 964 919 divisione
998 840 1194 951 cujusque
1232 842 1357 951 partis
1392 839 1597 921 studiosus
1625 840 1873 947 propositam
1901 838 1975 921 sibi

608 960 730 1040 habet
744 960 989 1043 solutionem
1004 962 1129 1043 trium
1138 962 1448 1070 problematum.
1460 966 1536 1041 Per
1551 965 1732 1070 primum
1743 978 1977 1071 quaeruntur

612 1080 758 1163 divisio
785 1100 826 1163 et
853 1082 1152 1164 subdivisiones
1180 1083 1364 1163 onmium
1397 1110 1618 1191 corporum
1649 1112 1741 1193 quse
1771 1112 1863 1194 pars
1893 1086 1981 1191 ipsa

608 1205 909 1314 complectitur,
929 1206 986 1284 sic
1005 1220 1052 1283 ut
1065 1203 1270 1310 singulum
1294 1221 1467 1313 occupet
1486 1204 1622 1283 locum
1640 1206 1719 1312 ipsi
1737 1206 1981 1286 convenien-

608 1342 714 1425 tem,
748 1325 828 1407 hoc
858 1342 918 1405 est
946 1326 990 1403 in
1023 1325 1166 1405 classes
1193 1342 1264 1407 etc.
1303 1350 1476 1433 corpora
1506 1324 1759 1407 ordinentur
1778 1344 1819 1407 et
1841 1324 1984 1419 ,distri-

461 1444 469 1459 ’
606 1448 797 1529 buantur.
817 1450 893 1524 Per
912 1447 1137 1525 secundum
1155 1450 1349 1553 quaeritur
1372 1450 1582 1526 criterium
1605 1448 1721 1527 facite
1741 1466 1783 1528 et
1803 1472 1984 1529 commo·

607 1567 709 1647 dum
726 1593 810 1674 quo
828 1591 978 1676 corpus
995 1563 1212 1672 quodlibet
1232 1564 1284 1643 ad
1303 1568 1447 1642 vivum
1472 1568 1530 1644 ita
1552 1566 1807 1673 depingitur,
1827 1584 1874 1643 ut
1893 1568 2008 1645 ubi··

610 1712 789 1799 cumque
798 1712 842 1769 se
855 1684 1019 1783 offeret,
1033 1684 1215 1792 dignosci
1225 1688 1353 1793 possit
1362 1702 1403 1765 et
1416 1687 1590 1767 inveniri
1606 1686 1720 1767 locus
1734 1689 1778 1767 in
1791 1686 1985 1769 methodo

609 1808 676 1891 rel
690 1812 737 1889 in
752 1824 966 1916 systemate
982 1805 1177 1915 adoptato
1196 1810 1275 1916 ipsi
1292 1808 1525 1913 assignatus.
1544 1812 1620 1889 Per
1637 1810 1808 1889 tertium
1823 1837 1987 1919 nomen·

609 1930 729 2011 cistio
739 1928 849 2032 talis,
868 1945 914 2007 ut
925 1930 1124 2038 exprimat
1140 1927 1273 2009 ideam
1286 1956 1378 2039 quae
1395 1957 1482 2011 non
1500 1918 1691 2017 convenit
1710 1934 1788 2013 nisi
1807 1931 1883 2014 soli
1905 1958 1988 2012 cor·

610 2056 702 2161 pori
725 2053 792 2133 cui
817 2051 1096 2133 denominatio
1126 2048 1345 2133 dedicatur.

665 2280 789 2363 Varii
799 2281 865 2362 vit
875 2298 1059 2362 auctores
1078 2283 1295 2379 incedunt,
1306 2260 1528 2389 praesertirn
1546 2300 1593 2361 ut
1609 2283 1662 2361 ad
1678 2286 1988 2369 convenientem

612 2402 873 2484 mineralium
900 2401 1232 2491 distributionem
1263 2406 1513 2513 pervenient
1550 2396 1623 2484 Illa
1637 2466 1639 2471 ,
1652 2405 1831 2484 scientiae
1861 2406 1988 2509 magis
2020 2454 2023 2467 ι

546 2519 550 2527 ’
612 2524 821 2633 prodesse,
844 2541 886 2609 et
910 2525 1139 2631 sPhysices
1158 2524 1340 2607 studioso
1363 2554 1459 2611 mox
1477 2514 1629 2607 caeteris
1651 2524 1901 2635 praeferende
1922 2526 1982 2601 vi-

612 2644 755 2746 detur,
775 2672 866 2753 quae
889 2644 942 2726 ad
966 2649 1188 2727 terminum
1211 2647 1324 2729 ducit
1347 2675 1423 2756 per
1442 2654 1710 2758 proprietates
1734 2642 1981 2755 simplicissi-

613 2794 715 2870 mas,
733 2766 944 2849 intellectu
958 2764 1182 2868 facillimas,
1203 2786 1243 2850 et
1264 2768 1431 2851 adhibet
1450 2786 1697 2853 tentamenta
1719 2796 1813 2879 quse
1837 2768 1987 2851 alienes

615 2891 804 2972 notiones
830 2890 967 2970 minus
991 2888 1211 2998 postulant.

669 3133 785 3214 Adeo
807 3149 944 3215 tamen
973 3158 1113 3213 sensus
1138 3089 1611 3232 externi-distribuendis
1640 3087 1885 3241 corporibus
1913 3135 1990 3217 soli

617 3285 701 3340 non
717 3256 939 3354 sufficiunt,
958 3274 1006 3336 ut
1022 3281 1166 3338 eorum
1186 3281 1265 3366 ope
1281 3253 1503 3366 nequidem
1521 3257 1596 3336 tria
1611 3269 1765 3339 usturae
1776 3281 1899 3365 regns
1909 3261 1986 3338 rite

618 3375 792 3460 discerni
815 3377 986 3458 valeant
1466 3409 1468 3413 ·

672 3620 797 3727 Quod
813 3622 878 3703 tel
894 3619 992 3702 inde
1004 3605 1130 3727 petet,
1149 3624 1247 3730 quis
1264 3625 1469 3703 iuvenum
1485 3622 1710 3718 laboretur,
1724 3625 1761 3698 si
1775 3637 1987 3730 externum

618 3743 786 3855 aliquod
816 3744 1012 3856 quaeritur
1041 3745 1250 3823 criterium
1279 3771 1363 3855 quo
1400 3771 1547 3854 corpus
1582 3771 1668 3834 non
1700 3745 1935 3851 organicum
1963 3774 1998 3839 a<

618 3868 776 3980 planti,
800 3867 938 3976 plante
955 3865 1007 3946 ub
1034 3865 1197 3947 animali
1219 3870 1349 3977 possit
1365 3869 1451 3958 sine
1469 3867 1552 3948 ulls
1569 3867 1829 3974 ambiguitate
1846 3865 1989 3948 distin-

619 3994 692 4100 gui
713 4023 723 4072 ε
743 3988 855 4102 quod
878 3990 989 4089 enim
1015 3990 1059 4069 in
1088 3991 1233 4095 poturi
1260 3991 1450 4097 organice
1476 4007 1535 4072 est
1562 3991 1861 4099 phaenomenon
1879 3989 1992 4098 cujus

622 4113 935 4199 similutidinem
959 4111 1144 4222 aliquem·
1159 4141 1223 4193 ers
1247 4109 1333 4194 non
1358 4115 1485 4222 possit
1513 4115 1719 4224 proferre?
1746 4114 1868 4196 Unde
1897 4139 1991 4194 oon·

625 4230 789 4328 cludere
815 4235 926 4337 licet,
947 4235 1061 4347 quod
1083 4264 1169 4318 non
1191 4255 1274 4318 tem
1299 4236 1484 4318 sensibus
1515 4241 1837 4348 externisqusm
1860 4236 2001 4354 sensui·

624 4358 785 4436 interno
804 4371 845 4434 et
866 4361 1013 4446 rationi
1040 4357 1258 4442 debeamus
1279 4360 1368 4442 illas
1388 4389 1489 4472 ques
1512 4359 1564 4442 de
1588 4363 1672 4470 viti
1699 4380 1741 4443 et
1763 4363 1988 4467 organismo

624 4477 820 4570 habemus
836 4479 1038 4580 notionem
1061 4511 1153 4591 quse
1175 4485 1286 4568 enim
1310 4482 1373 4566 his
1396 4484 1566 4570 vocibus
1587 4483 1879 4590 significantur,
1903 4505 1986 4560 non
