4509 5875
783 660 1049 737 erotusro.
1100 690 1102 697 ,
1179 722 1183 728 .
1587 668 1635 758 le

262 829 458 909 acutiores
484 823 617 931 rideri
649 822 812 929 volunt,
835 825 1095 935 superciliose
1122 824 1353 933 despiciant·
1370 826 1482 907 Nihil
1498 842 1634 908 autem

261 974 331 1029 eos
350 974 575 1053 moramur,
593 948 665 1059 qui
693 948 763 1029 tali
786 952 945 1027 ratione
967 946 1227 1053 superbiunt,
1255 974 1452 1061 perquam
1468 948 1635 1056 indigna

260 1070 453 1175 homine,
478 1073 551 1180 qni
571 1070 752 1151 cultioris
779 1070 869 1151 ritae
890 1067 1018 1175 gloria
1041 1066 1121 1147 frui
1141 1086 1265 1179 atque
1283 1072 1494 1155 excolendi
1510 1075 1653 1153 animi

261 1195 389 1297 gratia
420 1218 569 1271 nomen
605 1192 732 1274 Musis
759 1190 854 1271 dare
881 1192 926 1270 in
955 1190 1092 1271 animo
1120 1190 1251 1273 habet„
1283 1194 1435 1273 Mirum
1461 1213 1634 1276 tamen:

265 1314 416 1394 Volunt
436 1315 618 1397 animum
644 1316 791 1409 colere,
823 1316 959 1395 rivere
984 1314 1164 1416 deserte,
1193 1314 1238 1393 iu
1271 1314 1564 1423 elegantiorem
1595 1334 1637 1399 et

259 1434 544 1517 humaniorum
573 1436 716 1519 haberi
747 1464 942 1542 numero,
973 1454 1014 1517 et
1044 1436 1123 1517 hoc
1142 1435 1208 1516 vel
1230 1436 1332 1518 illud
1351 1436 1431 1519 sibi
1456 1437 1634 1521 delatum
1724 1458 1727 1461 ’

259 1580 408 1641 munus
434 1562 591 1671 explere
617 1593 632 1639 :
660 1559 773 1672 quod
792 1588 910 1666 vero,
937 1586 1075 1641 nonne
1105 1571 1168 1637 es't
1187 1562 1635 1665 asyrnbolum'renire,

258 1699 306 1760 ut
328 1684 373 1761 in
393 1683 640 1765 Phormione
661 1686 718 1763 ait
746 1688 993 1785 Turrinus,
1010 1700 1052 1763 et
1071 1710 1213 1790 sapere
1232 1683 1375 1777 stulte,
1412 1702 1454 1765 et
1483 1702 1635 1765 metam

259 1804 444 1889 anhelare
469 1822 581 1913 ante,
612 1833 737 1919 quam
759 1810 803 1889 in
823 1806 1043 1895 carceribus
1067 1802 1253 1894 fuerim?

311 2060 455 2141 Infelix
487 2060 701 2169 prudentia
732 2061 867 2171 juris3
902 2060 1074 2143 inmusta
1103 2060 1313 2143 medicinae
1334 2059 1501 2171 peritia,
1545 2090 1634 2177 quae

257 2184 452 2289 ingenuas
478 2183 681 2266 doctrinas
715 2214 738 2267 a
762 2212 806 2267 se
840 2184 987 2265 alienas
1015 2183 1154 2293 putat!
1189 2184 1344 2265 Literas
1378 2184 1634 2295 perdiscite,
1775 2176 1781 2264 f

237 2304 416 2387 'Gmecas
442 2334 528 2389 non
548 2309 685 2389 minus
710 2324 832 2422 atque
861 2310 1042 2411 latinas,
1069 2308 1213 2387 ceteris
1231 2334 1402 2417 quoque
1420 2310 1634 2387 severioris

256 2426 380 2507 studii
403 2428 626 2539 disciplinis
650 2431 866 2513 imbuti-
889 2426 1165 2537 philosophis,
1199 2425 1504 2530 mathematicis,
1534 2428 1631 2510 aliis.

256 2548 452 2629 Historias
477 2553 704 2657 prasertim
729 2552 995 2657 populorum,
1029 2564 1214 2637 veterum
1250 2574 1296 2625 ac
1330 2552 1633 2658 recentiorum,

258 2696 484 2782 eorumque
514 2668 884 2772 consuetudines,
869 2696 977 2778 Jura,
999 2695 1135 2747 mores
1144 2667 1398 2773 ,religiones
1428 2672 1635 2781 publicam

257 2808 299 2871 et
320 2794 513 2905 privatam
539 2796 663 2873 vitum
693 2809 734 2871 et
762 2793 1050 2926 antiquitatum
1084 2789 1221 2867 omnia
1249 2816 1397 2927 genera
1428 2816 1635 2903 perspecta

256 2912 405 2996 habere
433 2913 610 3016 debetis,
636 2927 683 2992 ut
704 2911 749 2990 in
770 2911 892 2990 unlus
915 2909 1007 2990 vitae
1028 2904 1201 3018 periodo
1234 2911 1420 2993 omnium
1439 2942 1633 3026 quarum-
1674 2924 1677 2930 '

258 3064 338 3147 que
380 3053 541 3117 aetatum
585 3035 822 3144 sapientiam
856 3032 1158 3153 experiamini:
1149 3030 1270 3112 .haec
1309 3036 1420 3114 enim
1452 3040 1634 3128 animum

258 3159 393 3261 alunt,
414 3157 558 3239 colunt
564 3154 860 3266 ‚locupletam
888 3157 971 3238 hec
988 3156 1091 3298 veri,
1114 3154 1247 3263 pulcri
1266 3153 1451 3271 bonique
1470 3191 1634 3252 sensum

259 3299 425 3388 augent,
442 3281 736 3387 ingeniumque
757 3296 927 3374 acuunt;
956 3277 1154 3386 quonium
1174 3304 1297 3356 manu
1318 3283 1433 3390 quasi
1457 3313 1531 3366 vos
1556 3289 1633 3372 du-

128 3453 133 3462 ,
262 3421 360 3501 eunt
381 3405 426 3484 in
449 3403 633 3487 intimam
663 3423 758 3480 cum
786 3397 1220 3512 rerumpublicarum,
1238 3416 1329 3486 tum
1363 3406 1484 3485 etiam
1500 3411 1636 3517 priva-

262 3545 397 3611 tarum
414 3527 708 3633 cognitionem,
722 3522 921 3634 vobisque
949 3549 1035 3604 non
1060 3520 1195 3605 solum
1218 3540 1543 3660 pmpeptorum,
1562 3534 1635 3614 sed

264 3649 544 3759 exemplorum
573 3651 693 3730 etiam
726 3640 954 3730 mirabilem
985 3639 1191 3754 quandam
1218 3645 1375 3785 copiam
1406 3646 1636 3756 largiuntur
1671 3706 1673 3709 ,

266 3773 476 3885 fontesque
496 3773 684 3888 aperiunt
704 3771 956 3874 uberrimos,
970 3765 1080 3850 unde
1098 3766 1291 3849 haurire
1279 3794 1357 3876 ipss
1347 3769 1636 3952 prudentiam

266 3897 427 4007 possitis
471 3921 644 3976 omnem

320 4148 424 4230 Nam
450 4146 604 4230 velut
592 4173 636 4226 m
663 4167 808 4256 corpus
832 4145 1041 4260 quoddam
1070 4143 1276 4229 redactum
1309 4153 1567 4259 atqueinter
1591 4185 1641 4240 se·

269 4270 563 4381 multiplicibus
582 4269 753 4350 vinculis
771 4298 1002 4351 connexum
1029 4285 1089 4350 est
1108 4296 1237 4376 genus
1254 4267 1477 4354 humanum
1491 4304 1501 4375 3
1515 4281 1635 4362 simi.

270 4396 324 4476 lia
336 4423 493 4507 semper
510 4393 685 4477 redeunt
702 4395 884 4500 negotia,
904 4421 1028 4476 causer
1041 4391 1214 4495 similes,
1228 4396 1455 4480 occasiones
1465 4391 1635 4500 eaedem3

271 4547 404 4630 neque
437 4547 501 4602 res
540 4536 768 4623 mutantur,
796 4515 868 4600 sed
906 4545 982 4602 nos
1018 4529 1122 4600 cum
1135 4537 1319 4627 tempore
1354 4541 1558 4603 mutamur
1593 4526 1638 4606 in

376 4649 529 4717 Toual.
1425 4671 1445 4741 7
