4509 5875
637 632 686 715 ra
880 608 883 615 '
1135 632 1201 696 rs.
1224 628 1254 699 J.
1275 619 1524 701 ‘nonnata

631 790 778 889 ditam3
801 786 1035 899 profligatos
1067 788 1276 870 bonorum
1310 790 1496 869 omnium
1529 786 1705 892 animos,
1726 803 1773 867 ut
1800 790 1869 889 illa
1893 804 2002 895 atas,

629 941 713 997 non
741 928 846 993 certe
865 911 1035 1019 injuria,
1052 910 1192 993 infelix
1212 914 1507 993 conversionum
1523 936 1676 991 nomen
1692 930 2001 1020 promereretur.

683 1148 767 1231 Sed
802 1148 894 1258 quis
930 1162 1010 1247 est,
1040 1148 1143 1257 quin
1173 1147 1218 1225 in
1233 1259 1238 1267 ³
1252 1145 1388 1227 medio
1424 1146 1631 1254 nauh-agio
1667 1172 1805 1227 rerum
1844 1148 2003 1257 sapiens

549 1282 553 1289 '
632 1271 670 1352 S.
689 1270 881 1351 Numinis
908 1266 1214 1379 consiliumne
1235 1267 1513 1351 moderamina
1537 1270 1787 1379 conspiceret
1804 1268 2004 1374 historiae,

633 1418 792 1501 semper
837 1392 1130 1472 contrariarum
1162 1388 1383 1475 'senonum
1425 1410 1467 1475 et
1509 1392 1763 1475 miseriarum
1816 1392 2002 1475 coneilio-

632 1514 769 1595 tricis?

684 1712 788 1815 Quis
808 1738 906 1829 vero
929 1713 1056 1791 nescit
1085 1738 1274 1824 quoque,
1298 1716 1401 1796 mala
1426 1717 1501 1794 ista
1521 1716 1761 1823 profluxisse
1790 1738 1840 1793 ex
1861 1712 2008 1793 iisdem

521 1828 526 1837 ’
630 1831 812 1913 sonabas
842 1860 934 1913 cum
960 1833 1190 1943 impietate,
1213 1834 1395 1938 lascivia,
1436 1862 1684 1946 morumque
1709 1836 2009 1916 laxisaimorum

631 1958 770 2069 ruina,
796 1954 979 2067 fastuque
1009 1974 1050 2036 et
1084 1960 1309 2065 arrogantia
1340 1985 1508 2066 prorsus
1536 1955 1735 2057 inaudita,
1759 1983 1874 2065 quae,
1894 1982 2007 2062 spre-

628 2080 680 2159 tis
709 2077 894 2184 legibus,
928 2076 1141 2157 dominans
1177 2080 1264 2187 ipsa
1300 2104 1375 2186 per
1411 2079 1556 2159 orbem
1591 2094 1822 2181 terrarum,
1870 2077 2007 2157 inritis

630 2198 752 2279 bonis
782 2198 973 2281 omnibus
1007 2201 1051 2279 in
1079 2199 1331 2282 conficiendo
1358 2200 1513 2281 nefario
1543 2200 1784 2281 incumbens
1814 2196 2008 2301 facinore,

442 2330 445 2339 ’
583 2398 585 2404 ,
632 2322 722 2401 vitae
741 2323 925 2427 vigorem
949 2322 1154 2427 delerit,
1143 2352 1268 2435 mque
1293 2326 1425 2405 vicem
1448 2323 1533 2433 ejus
1574 2324 1725 2405 virium
1752 2321 2012 2427 languorem,

631 2444 773 2523 solutis
800 2440 1041 2525 dominandi
1070 2462 1388 2553 cunctarumque
1415 2446 1635 2528 libidinum
1664 2444 1811 2546 benis,
1837 2444 2009 2543 crearit,

631 2564 832 2647 diuturnae
865 2570 954 2675 paci
986 2566 1203 2677 faustaque
1235 2566 1442 2646 Musarum
1481 2562 1846 2675 tranquillitati-
1791 2546 2008 2641 -inl'esti

607 2688 714 2767 ‚sola
744 2688 867 2767 uniirs
890 2688 1097 2768 voluntate
1128 2688 1306 2765 hominis
1335 2687 1542 2766 molliente
1565 2732 1618 2746 —
1637 2684 1890 2795 quibusvis
1878 2710 2009 2791 impe·

633 2810 822 2889 dimentis
847 2806 1081 2883 monalium
1108 2807 1323 2880 conatibus
1354 2804 1609 2877 iueubausil

687 3045 762 3124 Ast
790 3068 889 3123 vero
925 3041 960 3120 si
992 3022 1136 3121 verum
1163 3053 1224 3118 est
1248 3083 1301 3098 -
1331 3036 1432 3150 quid
1463 3051 1599 3120 autem
1628 3037 1791 3141 verius?
1812 3081 1863 3098 -
1891 3041 2008 3149 qnod

638 3159 887 3274 iluteydides
910 3163 990 3268 ait,
1008 3171 1264 3270 tempestates
1293 3177 1335 3241 et
1357 3159 1634 3241 altercationes
1651 3161 1891 3241 necessarias
1922 3187 2009 3242 esse

632 3291 677 3368 in
696 3285 946 3385 civitatibus3
966 3312 1103 3366 nonne
1129 3279 1212 3364 haec
1234 3283 1744 3394 quoque'innumerornm
1766 3283 2009 3364 morborum

634 3412 763 3514 crisis,
792 3409 943 3520 quibus
979 3407 1141 3488 adfectae
1166 3408 1345 3487 civitates
1374 3422 1513 3505 erant,
1543 3403 1621 3484 fuit
1649 3407 1897 3502 necessaria3
1924 3431 2009 3512 qna

633 3531 743 3635 illae,
770 3530 839 3630 vde
877 3529 1028 3642 quibam
1068 3529 1362 3611 conclamatum
1393 3526 1690 3632 ridebatur‚e
1726 3541 1934 3629 stagnante
1966 3543 2010 3605 et

634 3654 835 3737 massioris
862 3653 1067 3760 sanguinis
1092 3649 1208 3731 fluxu
1233 3651 1524 3746 liberarentur,
1545 3664 1586 3729 et
1613 3675 1635 3728 e
1665 3662 1820 3750 morte,
1846 3673 1939 3761 quae
1962 3648 2008 3728 in

632 3773 768 3857 media
793 3775 876 3853 vita
900 3774 997 3878 fuit,
1020 3773 1380 3879 resuscitarentur?

686 3993 738 4071 Et
773 3989 955 4102 prolecto
1001 3989 1103 4072 lacta
1147 3991 1422 4096 videbamus,
1463 4016 1513 4070 ex
1556 3989 1770 4068 bominum
1809 3990 2006 4066 memoria

635 4115 755 4221 longe
791 4115 1156 4224 praegnantissima,
1191 4143 1328 4196 amore
1360 4115 1495 4226 patriae
1535 4111 1881 4224 quamfelioissime
1910 4131 2007 4215 per-

631 4255 741 4340 acta,
763 4231 978 4352 nunquam
1009 4237 1103 4317 satis
1135 4237 1397 4337 celebranda3
1421 4265 1512 4348 qnae
1545 4233 1772 4315 strabonis
1806 4232 2007 4312 universis

632 4377 777 4441 mente·
800 4360 1006 4442 recondita
1034 4363 1267 4472 quieseunt,
1296 4389 1509 4475 prospera,
1532 4357 1756 4440 Annalibus
1785 4352 2005 4466 aliquando

636 4485 880 4589 posteritau's
904 4484 1069 4594 laetioris
1104 4489 1312 4595 egregium
1348 4485 1552 4595 exemplar
1590 4481 1873 4592 consignanda.
1913 4479 2007 4558 llaec
