4509 5875
446 649 448 653 ’
576 691 819 761 ltEsPONslo
844 692 907 759 sn
930 689 1100 777 Qunsr.
1125 691 1265 760 sunm.
1549 687 1613 813 ⁸17‘
1703 742 1707 748 .
1864 781 1868 790 ¹

237 865 475 946 translatum
496 871 580 948 non
601 865 870 972 intelligatur,
893 869 970 948 nisi
993 868 1164 975 pecunia
1190 866 1395 962 tradatur3
1424 863 1467 944 id
1497 865 1609 975 quod

246 986 502 1067 falsissimum
533 1005 601 1066 est.
634 989 844 1096 Siquidem
874 988 1102 1072 dominium
1139 992 1323 1095 pecuniae
1362 988 1451 1095 jure
1491 1005 1608 1066 natu-

243 1107 315 1185 rali
340 1107 576 1188 translatum
606 1107 774 1211 intelligi
801 1109 947 1212 possit,
974 1110 1095 1188 simul
1124 1137 1171 1186 ac
1198 1127 1329 1187 certos
1356 1126 1398 1188 et
1422 1107 1610 1187 determi-

242 1243 354 1306 natos
384 1253 572 1306 nummos
604 1226 841 1332 assignando
877 1253 992 1336 suam
1024 1229 1069 1308 in
1099 1225 1425 1311 transferendum
1463 1227 1611 1307 horum

241 1372 503 1426 nummorum
521 1348 751 1436 dominium
775 1365 984 1450 mutuans,
1006 1349 1050 1426 in
1069 1346 1499 1458 acquirendum'suam
1520 1375 1611 1426 mu-

240 1471 435 1548 tuatarius
463 1457 710 1551 voluntatem
743 1468 1075 1570 manifestaverit,
1111 1470 1226 1577 quod
1255 1469 1343 1550 fieri
1374 1497 1468 1548 sane
1497 1468 1614 1547 aliter

239 1615 359 1696 quam
389 1587 603 1668 traditione
645 1605 779 1697 potest
829 1617 866 1670 v.
902 1617 937 1694 g.
970 1588 1216 1676 indicatione
1248 1590 1328 1666 loci
1361 1617 1445 1696 quo
1472 1589 1612 1674 similis

242 1710 426 1815 pecuniae
450 1737 605 1790 summa
624 1701 806 1818 deposita
827 1727 895 1789 est.
917 1712 1044 1788 Porro
1067 1710 1102 1790 si
1130 1709 1321 1818 possibile
1348 1727 1469 1813 esset,
1493 1708 1615 1814 talem

244 1855 379 1910 casum
400 1833 586 1938 reperiri,
613 1833 760 1942 inquo
784 1834 1041 1913 determinari
1066 1859 1130 1910 res
1156 1832 1269 1911 nullo
1288 1832 1368 1910 alio
1387 1823 1510 1940 quam
1532 1848 1612 1909 tra-

246 1949 411 2032 ditionis
447 1955 563 2060 signo
599 1973 751 2062 posset3
773 1955 858 2033 'hoc
887 1981 1001 2055 casu,
1027 1953 1217 2050 fatemur,
1245 1951 1460 2032 traditione
1493 1956 1612 2032 etiam

243 2070 294 2150 de
323 2072 415 2180 jure
442 2075 612 2153 naturali
643 2102 746 2182 opus
773 2092 884 2156 esset
923 2076 1004 2157 Sed
1031 2101 1166 2156 casnm
1194 2074 1303 2153 huno
1330 2073 1477 2152 frustra
1505 2101 1614 2181 quae-

214 2223 219 2228 ·
246 2193 397 2287 rimus;
420 2221 506 2300 quo
534 2195 658 2272 modo
688 2199 799 2278 enim
825 2223 1002 2308 cumque
1025 2214 1250 2294 vertamur,
1275 2190 1400 2272 alium
1423 2190 1613 2272 determi-

244 2311 369 2392 nandi
394 2312 564 2401 modum
589 2338 717 2420 usque
738 2311 976 2402 invenimus.

242 2513 248 2522 ’
296 2521 439 2631 Itaque
466 2521 611 2599 merito
634 2521 821 2601 sustineri
839 2523 1003 2630 potest,
1021 2517 1186 2601 traditio
1211 2520 1371 2630 quoties
1394 2492 1622 2629 r'equiritur'

246 2637 298 2718 ad
325 2639 554 2720 dominium
578 2641 927 2752 transferendum,
955 2645 1074 2723 toties
1101 2643 1180 2724 hoc
1211 2669 1296 2720 non
1321 2642 1411 2750 jure
1444 2641 1638 2721 naturali»

245 2759 316 2840 sed
326 2761 414 2869 jure
433 2762 539 2841 civiti
560 2762 708 2843 factum
731 2792 815 2844 esse
834 2795 844 2843 ε
862 2781 1050 2846 caeterum
1070 2766 1217 2843 nonin
1235 2762 1426 2842 omnibus
1445 2764 1613 2841 omnino

247 2882 405 2971 casibus
432 2912 477 2964 ea
508 2884 768 2989 desideratur,
796 2903 842 2967 ut
862 2886 1032 2967 dominii
1055 2885 1305 2960 translationi
1332 2882 1447 2971 locus
1474 2886 1544 2985 sit,
1560 2881 1612 2963 de

244 3002 334 3113 jure
363 3034 531 3088 romano
557 3024 691 3092 tamen
719 3010 762 3083 in
784 3006 988 3111 plerisque
1014 3004 1235 3079 necessaria
1263 3018 1342 3098 est,
1366 3021 1613 3110 quapropter

248 3124 293 3199 in
320 3136 512 3231 sequente
542 3122 789 3227 paragrapho
817 3112 1099 3227 indagabimus
1122 3148 1235 3201 casus
1270 3123 1315 3208 in
1343 3116 1494 3231 quibus
1516 3144 1614 3203 ‘earn

249 3242 358 3349 leges
377 3254 554 3323 romanae
577 3242 855 3351 quaesiverunt.

875 3450 974 3545 §²

280 3660 435 3774 ouran
451 3665 559 3745 aaa
575 3622 732 3747 castaus
753 3666 917 3747 traam
944 3664 1005 3745 aa
1028 3667 1250 3746 ominum
1271 3664 1590 3766 transennam

291 3818 300 3838 ‘
802 3809 1063 3911 murram?
1522 3834 1526 3840 ·

305 4011 593 4141 'Progredimur
616 4035 667 4116 ad
689 4056 841 4145 partem
862 4042 1093 4151 quaestionis
1110 4055 1347 4150 sequentem
1360 4066 1370 4117 ε
1383 4039 1526 4149 quibus
1541 4038 1617 4119 da·

259 4162 308 4239 tir
326 4158 481 4237 casibus
500 4157 662 4237 traditio
680 4160 739 4237 ad
765 4162 987 4243 dominium
1006 4161 1327 4265 monstrandum
1334 4163 1430 4267 jure
1448 4189 1616 4240 rontano

256 4282 515 4387 requiratur?
535 4278 659 4387 Cujus
682 4280 830 4361 solutio
856 4286 1001 4362 utrite
1021 4283 1103 4385 fiat,
1123 4280 1455 4391 distinguendum
1476 4299 1536 4362 est
1554 4284 1616 4361 in·

256 4414 319 4479 ter
356 4401 510 4493 vanos,
542 4400 691 4509 quibus
717 4399 894 4480 dominia
929 4404 1133 4482 transferri
1155 4391 1350 4511 possunt,
1381 4403 1548 4500 modos,
1578 4420 1619 4481 et

259 4519 309 4601 de
333 4521 496 4629 singulo
524 4519 847 4632 disquirendum,
873 4550 926 4605 an
953 4524 1114 4607 traditio
1137 4528 1381 4609 intervenire
1408 4528 1563 4608 debeat.

466 4648 510 4715 ΙΙ.
1381 4649 1402 4718 3
