4509 5875
624 679 671 750 alt
859 669 1101 740 GUlLIELMl
1124 668 1222 737 CAR.
1248 668 1363 738 vlc‘r.
1387 665 1482 739 VAN
1506 667 1601 738 DEN
1623 665 1744 738 DALE

623 863 687 942 bis
711 863 821 943 idem
839 891 996 964 sensus,
1019 857 1158 946 eadem
1175 864 1237 945 ris
1253 863 1344 944 data
1366 847 1440 964 est,
1464 891 1557 944 cum
1577 865 1631 944 in'
1643 861 1895 972 stipulatione
1910 865 1977 944 ie·

626 987 772 1090 niunt(
798 985 825 1090 ).
1941 1019 1945 1026 ·

676 1213 935 1320 Objiciuntur
944 1203 1077 1294 tamen
1097 1215 1204 1321 leges
1217 1215 1374 1317 dure,L
1388 1212 1459 1313 84,
1477 1211 1590 1320 §pil
1605 1211 1658 1292 de
1674 1210 1941 1318 legatletL.r
1953 1235 1985 1308 1,

624 1335 649 1431 §
667 1360 681 1410 1
701 1333 803 1415 ltde
820 1336 936 1442 legat
955 1337 1224 1448 ll,inquibus
1240 1353 1452 1434 statutum,
1464 1349 1527 1434 ut,
1538 1337 1571 1415 si
1584 1327 1741 1442 resper
1759 1331 1986 1412 damnatio·

622 1481 716 1535 nem
753 1457 889 1564 legatae
919 1459 1155 1540 alternative
1186 1458 1311 1535 modo
1339 1457 1511 1555 fuerint,
1546 1475 1680 1535 utram
1705 1457 1826 1533 hares
1854 1453 1984 1547 volet,

623 1577 762 1676 haeres,
773 1606 866 1658 curn
880 1580 1002 1658 semel
1021 1580 1208 1684 elegerit,
1221 1578 1459 1657 electionem
1475 1592 1652 1683 nequeat
1669 1599 1878 1668 revocare3
1895 1599 1989 1652 eum

617 1713 759 1776 vtamen
792 1691 1015 1780 secundum
1046 1700 1283 1780 sententiam
1309 1715 1489 1777 nostram
1517 1723 1704 1776 revocare
1734 1721 1822 1774 eam
1850 1693 1991 1774 adhuc

621 1819 757 1924 possit.
772 1817 851 1900 Sed
870 1819 1180 1928 respondemus,
1201 1847 1344 1900 verum
1360 1819 1438 1900 hoe
1457 1847 1541 1898 esse
1564 1818 1616 1898 de
1632 1818 1721 1926 jure
1741 1817 1884 1918 veteri,
1901 1842 1984 1925 quo

619 1937 768 2016 scilicet
795 1940 936 2026 electio
964 1969 1122 2048 semper
1149 1941 1296 2020 haeredi
1322 1940 1507 2040 dabatur,
1532 1942 1685 2020 etiamsi
1708 1954 1872 2018 testator
1899 1939 1985 2044 ipse
2065 1956 2069 1973 ¹

619 2079 706 2133 eam
732 2058 877 2134 heredi
897 2088 985 2142 non
1008 2079 1291 2163 reservaverat,
1317 2064 1390 2143 ubi
1414 2065 1564 2144 seilicet
1587 2089 1663 2169 per
1684 2061 1985 2137 damnationem

610 2173 719 2284 'quid
738 2176 971 2256 alternative
993 2179 1169 2284 legatum
1181 2205 1289 2257 erat.
1318 2185 1440 2258 Unde
1464 2186 1554 2285 jure
1579 2181 1707 2256 veteri
1729 2179 1854 2258 verba
1878 2179 1986 2257 hac:

620 2313 755 2374 unum
775 2299 897 2378 haeres
921 2301 1048 2393 volet,
1080 2303 1124 2378 in
1146 2300 1278 2406 legato
1298 2299 1568 2380 damnationis
1587 2297 1824 2380 alternativo
1842 2300 1987 2407 scripta

620 2443 704 2496 non
727 2417 835 2498 hunc
863 2417 1080 2521 habebant,
1108 2449 1232 2534 quem
1252 2421 1333 2529 jam
1360 2419 1510 2500 habent
1528 2418 1731 2517 effectum,
1759 2436 1806 2499 ut
1827 2420 2004 2500 electio·-

619 2565 714 2618 nem
738 2538 880 2620 darent
907 2541 1083 2648 haeredi,
1111 2571 1200 2654 quae
1228 2570 1352 2652 porro
1377 2545 1455 2650 ipsi
1479 2571 1503 2621 a
1526 2541 1615 2647 lege
1638 2543 1725 2648 ipsi
1753 2539 1844 2620 data
1873 2562 1988 2657 erat3

618 2656 826 2770 adeoque,
848 2665 890 2742 ni
916 2663 1059 2744 fierent
1086 2665 1246 2745 inutilia
1265 2691 1510 2775 prorsusque
1536 2690 1802 2771 supervacua,
1830 2666 1987 2742 varium

619 2805 779 2860 sensum
810 2783 1077 2896 effectumque
1103 2788 1262 2866 varium
1292 2813 1339 2866 ea
1368 2787 1587 2893 importare
1616 2783 1836 2891 oportebat
1857 2783 1987 2864 Eileo-

618 2916 705 2981 tum
737 2922 872 2981 autem
905 2905 1064 2981 nullum
1092 2907 1216 2981 alium
1249 2906 1473 3007 producere
1510 2908 1593 2986 hac
1626 2906 1750 2987 verba
1778 2924 1986 3015 poterant,

619 3048 742 3131 quam
769 3039 818 3100 ut
851 3021 1015 3122 electio,
1045 3048 1167 3132 quam
1200 3048 1275 3127 pro
1310 3020 1431 3101 libitu
1459 3050 1588 3130 usque
1626 3027 1678 3109 ad
1711 3032 1771 3111 rei
1805 3028 1986 3109 traditio·

619 3168 715 3221 nem
745 3142 897 3225 variare
923 3142 1047 3223 haeres
1071 3143 1161 3249 jure
1189 3141 1315 3220 veteri
1350 3142 1394 3220 in
1424 3140 1555 3246 legato
1583 3140 1851 3222 damnationis
1881 3162 1990 3251 pote
2081 3171 2085 3181 ·

554 3294 559 3303 ·
620 3278 707 3363 rat,
739 3262 852 3341 firma
888 3260 1001 3342 lieret
1027 3280 1149 3373 atque
1180 3261 1458 3360 immutabilis;
1489 3260 1675 3371 illudque
1703 3291 1752 3343 ex
1791 3269 1988 3347 testatoris

619 3381 826 3464 voluntate
853 3388 926 3494 qui
946 3384 1055 3465 hunc
1074 3384 1210 3465 verbis
1224 3386 1307 3465 suis
1328 3410 1490 3465 sensum
1514 3384 1611 3465 dare
1638 3385 1812 3467 voluisse
1838 3416 1987 3498 prnsu-

619 3503 828 3609 mebatur,
852 3524 1116 3619 preterquam
1138 3507 1297 3589 nullum
1315 3506 1502 3588 effectum
1520 3506 1761 3590 habuissent.
1784 3514 1857 3591 Ast
1878 3510 1988 3590 aliud

577 3657 581 3669 ¹
619 3630 788 3708 omnino
803 3629 853 3709 de
871 3630 961 3737 jure
972 3656 1094 3727 nov0;
1110 3658 1222 3731 nam,
1235 3655 1327 3718 oum
1340 3629 1430 3737 jure
1442 3655 1549 3709 noro
1560 3629 1748 3709 omnibus
1759 3631 1984 3735 legatisuua

620 3765 780 3853 natura,
807 3770 853 3830 ut
879 3750 1072 3854 diximus,
1099 3780 1284 3832 concessa
1307 3758 1377 3855 sit,
1394 3780 1479 3833 non
1498 3753 1685 3860 magisin
1711 3753 1842 3858 legato
1870 3752 1983 3832 dam-

621 3871 794 3951 nationis
817 3899 940 3979 quam
959 3876 1003 3953 in
1027 3876 1106 3954 alio
1131 3874 1273 3955 electio
1295 3877 1487 3983 competit
1506 3872 1671 3976 haeredi,
1689 3874 1733 3952 ni
1750 3901 1773 3951 a
1794 3891 1983 3953 testatore

621 3986 767 4072 haeredi
796 3994 846 4075 sit
875 4012 1038 4073 servata:
1059 3996 1177 4076 Unde
1203 3997 1327 4078 verba
1349 3983 1515 4095 eadem3
1543 4015 1677 4077 utram
1708 3998 1828 4076 lenm
1849 3998 1977 4091 volet,

619 4106 727 4187 hunc
750 4120 927 4221 primum
953 4115 1143 4197 ellectum
1163 4118 1332 4221 hubent,
1350 4137 1397 4199 ut
1424 4120 1663 4200 electionem
1688 4120 1787 4199 dent
1808 4118 1985 4222 haeredi,

666 4318 714 4407 (ι)
737 4320 772 4387 t.
789 4320 843 4413 84,
858 4337 883 4401 ς.
899 4350 920 4413 9
938 4328 975 4393 sl.
991 4328 1033 4395 de
1050 4328 1144 4417 legat
1162 4329 1188 4399 L
1205 4329 1254 4396 sic
1265 4329 1364 4397 habet
1381 4354 1390 4393 ε
1410 4329 1552 4397 Stichum
1568 4346 1627 4397 aret
1646 4331 1980 4426 Ramplsilrcmmtmm

622 4426 722 4491 hoerss
736 4424 838 4505 volet,
859 4426 944 4492 Titio
957 4433 1034 4498 dato
1054 4460 1062 4499 e
1079 4431 1150 4500 cim
1168 4436 1262 4503 semel
1271 4437 1394 4505 darem
1409 4436 1521 4519 hoems,
1536 4453 1643 4503 utrum
1657 4438 1736 4503 dare
1748 4436 1846 4516 velit,
1862 4449 1980 4500 mutare

624 4534 808 4599 sareptam
828 4553 893 4597 non
908 4540 1034 4620 poterit.
