4509 5875
617 636 661 711 rb
999 628 1169 703 cauom
1193 624 1386 697 menan
1409 620 1579 693 IMBEllT

612 831 758 896 nostro
771 813 811 891 X
831 809 915 919 jam
922 824 1038 889 erant
1055 789 1304 915 composite,
1322 804 1378 881 itu
1388 818 1523 879 tamen
1543 794 1679 877 utillo
1698 810 1820 903 atque
1839 792 1981 873 subse-

614 934 836 1047 quentibus
862 930 1014 1012 saeculis
1031 928 1166 1009 solum
1183 926 1285 1008 coelo
1307 922 1500 1031 asperiori
1526 915 1751 1019 humidius,
1769 914 1985 1025 paludibus

618 1054 822 1158 foetidum,
852 1055 1007 1159 pascms
1042 1050 1190 1157 magis,
1218 1074 1342 1159 quam
1375 1040 1596 1123 cerealibus
1631 1038 1856 1119 seminibus
1887 1052 1988 1117 esset

600 1174 774 1286 aptum,
789 1174 899 1255 unde
923 1170 1092 1254 Wasda
1117 1196 1191 1251 seu
1202 1166 1415 1277 paludosae
1439 1181 1553 1243 teme
1577 1188 1728 1243 nomen
1755 1178 1816 1261 est
1847 1184 1990 1241 conse-

615 1314 769 1378 Gutum.

669 1514 851 1595 Eandem
877 1512 1020 1591 faciem
1048 1536 1099 1588 eo
1129 1523 1316 1613 tempore
1332 1504 1398 1583 vel
1428 1500 1620 1607 Ottingioe
1642 1524 1791 1606 pagum
1822 1496 1893 1602 (ab
1916 1498 1992 1576 Ot-

614 1652 715 1714 tone
734 1637 834 1741 lmp.
859 1658 911 1710 en
936 1646 1053 1738 parte
1070 1625 1232 1707 Wasdae
1258 1640 1300 1704 et
1320 1648 1424 1732 pago
1445 1619 1654 1701 Gandensi
1684 1619 1987 1726 compositum),

616 1755 841 1863 prasertim·
852 1754 899 1831 in
913 1749 1285 1860 xpcemrrbaahbas
1304 1743 1540 1851 regionibus
1560 1739 1797 1843 ostendisse,
1815 1738 1988 1819 urbibus

617 1892 755 1956 autem
775 1892 820 1954 et
845 1873 957 1955 villis
978 1898 1086 1982 pene
1111 1868 1262 1951 orbum
1286 1868 1488 1964 extitisse,
1504 1862 1669 1963 iisdem,
1693 1890 1796 1971 quas
1822 1861 1991 1943 adduxi-

615 2022 723 2100 mus,
750 1996 881 2077 camis
895 2010 1018 2104 atque
1039 2022 1062 2074 e
1085 1994 1171 2075 vim-
1193 2016 1366 2105 quoque·
1383 1983 1643 2067 nsltowmi
1662 1999 1817 2063 constat
1837 1987 1854 2088 (
1878 1984 1905 2085 ).

675 2198 920 2281 ramata
937 2201 1045 2307 (qum
1063 2214 1105 2277 et
1121 2197 1339 2305 Carnpania
1355 2190 1708 2295 dieebsnrrlnullu
1726 2190 1996 2299 descriptione

620 2323 789 2422 certius,
819 2346 943 2431 qnam
970 2321 1143 2398 murima
1158 2334 1289 2424 caparae
1316 2316 1431 2424 pingi
1454 2328 1612 2421 potest;
1633 2339 1730 2393 nam
1752 2312 1998 2393 Taaandn'ce

619 2471 650 2524 s.
676 2441 932 2525 Tassaudnie
946 2467 1027 2521 vox
1049 2468 1072 2519 a
1093 2442 1175 2521 Tas
1197 2454 1239 2518 et
1256 2436 1372 2520 &aad
1392 2433 1576 2517 ducenda
1596 2450 1673 2538 est,
1694 2450 1817 2545 atque
1845 2462 1994 2515 arena·

529 2608 535 2617 ·
620 2590 712 2644 rum
736 2564 942 2644 canariam
965 2561 1126 2642 indimt.
1151 2564 1213 2641 De
1235 2561 1490 2667 Campania,
1517 2557 1734 2664 ammpis,
1754 2582 1825 2637 seu
1847 2557 1995 2664 apertis

620 2685 725 2789 agris
745 2682 874 2783 dicta,
895 2682 991 2761 audi
1010 2681 1289 2789 Stephelinum
1300 2678 1546 2759 monachum
1564 2679 1652 2788 (qui
1674 2679 1764 2784 ipso
1776 2674 1996 2759 undecimo

620 2802 764 2885 seculo
783 2801 898 2907 vixit)
919 2803 963 2880 in
986 2800 1146 2903 libello,
1164 2800 1216 2879 de
1233 2800 1436 2881 miraculis
1455 2800 1504 2879 D.
1527 2797 1734 2881 Trudonis
1751 2798 1927 2905 scripto,
1941 2799 1998 2877 ita

623 2924 884 3008 dueentem
910 2922 999 3030 (2):

677 3172 699 3216 a
719 3142 769 3220 ln
796 3163 918 3246 supra
940 3133 1050 3217 dicto
1066 3157 1172 3242 pago
1193 3129 1458 3241 (Taxandriae)
1484 3135 1704 3242 campania
1725 3151 1784 3214 est
1813 3134 1896 3216 hee
1912 3143 2009 3247 pa-'

624 3263 792 3342 tenn'bus
815 3260 985 3366 campas,
1002 3255 1098 3336 solis
1126 3255 1271 3336 ardore
1290 3271 1432 3336 exusta
1452 3270 1495 3334 et
1518 3253 1639 3336 nullis
1655 3255 1819 3338 humani
1841 3263 1993 3365 negotii

621 3381 764 3464 usibus
789 3395 900 3490 apta,
927 3377 1001 3460 sed
1028 3376 1286 3459 solummodo
1312 3377 1517 3457 latronum
1540 3377 1753 3460 scrobibus
1771 3379 1912 3487 plena,
1939 3381 1996 3462 de

623 3502 776 3614 quihus
808 3517 850 3582 et
877 3501 1000 3607 longe
1041 3499 1261 3608 perspicaci
1299 3497 1476 3601 inmitu,
1506 3526 1651 3580 eorum
1695 3500 1819 3582 nullis
1855 3491 1999 3584 divina

626 3623 838 3704 creationis
858 3619 1113 3702 obstantibus
1140 3619 1334 3702 machinis
1356 3621 1541 3702 facillime
1559 3639 1729 3730 possunt
1749 3623 1996 3734 deprehendi

623 3745 867 3828 itinerantes
895 3744 1030 3824 »Hac
1053 3758 1189 3823 autem
1209 3741 1446 3853 Campania,
1464 3759 1631 3852 excepto
1653 3745 1803 3850 Ryensr'
1817 3733 2015 3854 pagello,

626 3866 932 3947 Brachbatenn's
951 3865 1045 3972 pagi
1072 3861 1252 3945 indolem
1282 3865 1507 3973 paullulum
1545 3865 1761 3969 referente,
1789 3894 1862 3975 per
1890 3869 1994 3948 inte·

627 4001 740 4089 grant
763 3985 1032 4066 Taxandriam
1054 3984 1361 4093 porrigebatur:
1380 4011 1508 4102 pagus
1524 3989 1660 4098 itaque
1682 3987 2000 4070 habitationibus

627 4121 669 4186 et
690 4106 817 4189 cultui
841 4131 988 4220 parum
1011 4122 1150 4214 aptus,
1175 4106 1271 4188 licet
1296 4125 1505 4216 extensus,
1524 4109 1706 4203 desertus
1729 4108 1812 4193 lere
1832 4109 2003 4218 jacebat.

671 4295 722 4383 (ι)
744 4303 781 4361 ln
803 4301 873 4365 Act.
888 4301 940 4367 85.
956 4299 1155 4389 selg.11,p.
1172 4298 1247 4390 507.

672 4429 722 4518 (a)
742 4428 870 4496 Ibidem
886 4447 965 4498 tom.
976 4435 1024 4511 V,
1041 4457 1073 4528 p.
1095 4433 1147 4518 ⁵6,
