4509 5875
502 680 509 693 “
634 684 678 775 7t
874 682 1116 754 emuntur
1139 682 1237 753 cta
1263 679 1382 753 v1cr.
1405 678 1502 755 van
1524 680 1621 753 nen
1649 676 1769 749 ntus
1869 730 1872 739 .

633 877 788 979 amisit,
824 877 955 957 abeo
984 905 1123 961 rursus
1151 894 1256 958 emat
1281 881 1504 984 ignorans,¹
1524 876 1697 983 primam
1725 870 1993 953 venditionem

635 983 777 1077 factam
805 997 936 1079 luisse.
960 999 1130 1095 Contra,
1157 999 1230 1078 ubi
1257 999 1372 1077 nullo
1401 996 1524 1077 modo
1544 1015 1724 1103 apparet,
1749 1022 1837 1075 rem
1858 994 1995 1075 vendi-

633 1132 716 1197 tam
739 1118 877 1219 fuisse,
900 1118 1002 1198 nibil
1027 1118 1182 1197 facilius
1210 1118 1411 1199 venditori
1438 1134 1516 1215 est,
1538 1144 1662 1227 quam
1689 1128 1776 1197 'rem
1801 1116 1882 1224 jam
1905 1112 2007 1195 inde

633 1239 842 1320 alienatam
851 1266 990 1319 rursus
999 1266 1220 1349 rursusque
1229 1240 1315 1320 aliis
1324 1238 1499 1321 rendere
1508 1230 1814 1345 anthypothecd
1822 1250 2000 1342 gravare,

631 1360 782 1469 quibus
792 1421 802 1458 ,
811 1388 854 1439 se
865 1360 1075 1442 dominum
1086 1360 1218 1441 adbuc
1228 1390 1313 1443 esse
1324 1365 1382 1443 rei
1392 1360 1584 1458 venditae,
1599 1358 1870 1455 affirmaverit,
1880 1361 2000 1467 etqui

631 1480 784 1563 fraudis
800 1483 917 1561 inscii
942 1482 1214 1589 hypothecam
1231 1483 1309 1561 sibi
1329 1481 1460 1562 domm
1487 1481 1767 1561 existimabant
1793 1506 1885 1587 quae
1911 1476 2000 1557 dari

632 1602 805 1717 amplius
830 1628 915 1679 non
952 1618 1132 1707 poterat,
1161 1619 1230 1679 aut
1256 1602 1485 1697 dominium
1509 1600 1587 1679 sibi
1611 1601 1859 1707 'acquisitum
1889 1597 1999 1705 quod

633 1718 702 1799 alii
724 1721 806 1828 jam
845 1722 1087 1831 acquisitum
1118 1738 1211 1801 crat.
1242 1722 1361 1803 Unde
1387 1720 1631 1825 lugendum,
1661 1719 1775 1829 quod
1803 1718 1888 1797 baec
1921 1736 2003 1801 tarn

634 1838 816 1949 prudens
833 1858 997 1951 tamque
1016 1844 1174 1951 sapiens
1194 1842 1404 1951 dispositio
1426 1842 1576 1923 Codice
1590 1858 1729 1921 nostro
1747 1866 1833 1919 non
1849 1839 2006 1949 ubique

633 1976 790 2042 servata
816 1962 953 2062 fuerit,
971 1966 1229 2075 maximeque
1250 1964 1494 2073 optandum,
1514 1980 1581 2062 ut,
1603 1966 1636 2043 si
1655 1964 1698 2041 in
1717 1964 1885 2067 regione
1913 1988 2002 2041 nos·

633 2084 696 2161 tra
717 2085 846 2163 nostri
867 2084 1114 2189 legislatores
1143 2086 1330 2195 quaedam
1354 2086 1547 2167 mutanda
1568 2100 1821 2194 proponant,
1849 2084 1915 2163 hic
1934 2111 2004 2163 eo-

634 2230 728 2283 rum
752 2209 911 2311 primus
930 2206 1048 2286 labor
1063 2209 1135 2306 sit,
1157 2207 1240 2287 haec
1258 2211 1389 2315 prima
1409 2236 1524 2306 cura,
1546 2210 1752 2287 sanctione
1772 2206 1846 2285 sud
1866 2205 2002 2285 denuo
2146 2274 2149 2284 .

634 2350 830 2405 renovare
850 2325 1121 2434 principium,
1148 2329 1263 2435 quod
1290 2328 1399 2432 leges
1422 2340 1515 2405 ante
1536 2325 1730 2406 Codicem
1752 2327 2004 2435 publicatum

637 2444 735 2533 latae,
747 2471 916 2556 quoqne
936 2462 1156 2526 sanxerant

696 2690 894 2770 Caeterum
920 2694 1077 2770 nonin
1106 2692 1298 2773 omnibus
1328 2692 1467 2774 Codex
1495 2708 1634 2773 noster
1657 2720 1680 2772 a
1706 2688 1863 2798 legibus
1876 2702 2005 2771 'antea

639 2810 728 2890 latis
747 2810 970 2910 aberravit,
993 2840 1168 2923 namque
1191 2817 1236 2893 in
1254 2814 1471 2895 donatione
1491 2816 1747 2923 transcriptio
1766 2816 2005 2925 requiritur,

638 2949 685 3011 ut
705 2959 842 3011 rerum
865 2959 955 3042 qnae
975 2932 1202 3041 hypotheca
1225 2939 1379 3040 gravari
1411 2954 1605 3044 possunt,
1633 2935 1811 3015 dominia
1837 2936 2007 3032 epanale-

639 3069 796 3148 rantur,
814 3053 848 3129 si
868 3051 1030 3129 donatae
1050 3077 1114 3126 res
1130 3053 1208 3124 illae
1224 3053 1398 3146 luerint,
1418 3060 1505 3148 (art.
1519 3045 1615 3152 939)
1634 3047 1691 3124 ita
1708 3063 1755 3126 ut
1768 3055 1924 3157 opponi
1939 3053 2007 3134 de-

642 3173 770 3252 fectus
798 3168 1118 3276 transcriptionis
1143 3169 1270 3274 possit
1297 3166 1349 3246 ab
1380 3163 1570 3248 omnibus
1603 3194 1708 3278 quos
1729 3196 1815 3278 nnn
1838 3173 2006 3258 involvit

493 3291 502 3300 ’
639 3294 822 3399 exceptio
848 3288 1005 3398 prolata
1021 3305 1091 3369 art
1111 3288 1202 3404 941.

695 3521 844 3598 Praeter
858 3514 962 3595 hanc
978 3531 1112 3596 autem
1133 3517 1411 3624 exceptionem
1421 3513 1703 3623 probabimus,
1716 3519 1828 3598 nullo
1849 3523 1894 3601 in
1912 3549 2004 3603 casu

643 3638 837 3722 Codicem
857 3639 1208 3746 transcriptionem
1238 3647 1401 3726 actuum
1429 3640 1535 3719 inter
1564 3643 1674 3720 rivos
1701 3641 1928 3750 requirere,
1955 3661 2002 3724 ut

642 3757 872 3841 dominium
892 3760 1162 3842 transferatur.
1212 3841 1215 3848 ,
1488 3765 1491 3772 ’

695 3980 901 4057 Nimirum
924 4009 1030 4090 quos
1058 4003 1173 4066 antea
1205 3989 1412 4069 citavimus
1437 4003 1507 4066 art
1536 3987 1635 4073 1138
1655 4006 1695 4069 et
1724 4017 1821 4098 711,
1852 3991 1926 4073 nbi
1951 3993 2004 4074 de

645 4098 882 4199 traditione,
908 4100 989 4179 buc
1009 4129 1176 4214 quoque
1196 4113 1418 4216 pertinent,
1442 4119 1543 4188 cum
1562 4139 1611 4191 ex
1633 4113 1682 4191 iis
1709 4131 1916 4224 sequatur,
1940 4143 2002 4197 so·

642 4220 726 4300 lam
741 4221 1005 4303 transferendi
1025 4221 1313 4330 obligationem
1332 4229 1383 4308 ad
1407 4231 1710 4312 translationem
1734 4233 1904 4315 dominii
1923 4237 2001 4316 sul·

643 4341 782 4440 ficere,
813 4342 998 4455 adeoque
1034 4346 1192 4428 nullum
1232 4349 1344 4432 aliud
1380 4350 1528 4434 facturn
1568 4382 1701 4466 neque
1745 4357 2002 4438 deditionem

644 4492 779 4575 neque
799 4468 1149 4574 transcriptionem
1180 4470 1419 4575 desiderem
1437 4475 1548 4559 nulla
1565 4505 1663 4560 vero
1687 4481 1732 4560 in
1757 4479 1896 4564 codice
1921 4480 2000 4562 dis·
