4509 5875
549 658 836 733 nssrottsro
861 659 1134 747 auoonsr.
1160 660 1438 732 rnrstotu.
1626 639 1665 732 ιι

353 858 477 962 Quod
496 855 734 959 tondeanad
755 817 949 966 qiuartuln
971 885 1099 964 genus
1129 859 1279 940 uirium
1304 860 1466 957 attinet,
1489 855 1568 937 hoc
1590 885 1675 960 ⁴no·

300 983 412 1062 mine
433 978 709 1086 significantur
728 979 836 1059 vites
854 983 1024 1059 internae
1047 979 1359 1088 omnesquibus
1379 981 1671 1091 menspraedita

286 1122 372 1202 est,
391 1122 431 1185 et
449 1131 542 1213 quae
559 1100 760 1209 psychicoe
773 1099 984 1196 dicuntum
1003 1129 1027 1178 e
1050 1128 1136 1209 quo
1154 1129 1301 1206 genere
1322 1123 1417 1184 sunt
1442 1107 1506 1185 vis
1525 1109 1671 1216 r'eprae-

285 1226 498 1321 sen'tandi,
521 1219 1112 1318 reminiscendi,·reflectendi‚
1142 1220 1364 1325 judicandi.
1390 1225 1505 1304 Hanc
1535 1228 1668 1307 Philo-

277 1346 408 1452 sophi
431 1345 694 1454 n'bi‘partem
721 1340 953 1443 vindicant,-
979 1370 1151 1455 eamque
1176 1347 1275 1456 ipsis
1295 1344 1573 1427 illustrandam
1606 1377 1668 1428 rs-

286 1466 523 1577 linquimus
684 1504 688 1511 ·

216 1717 224 1726 ‘
286 1785 290 1789 ,
353 1709 429 1788 His
444 1708 589 1818 positis
606 1707 641 1786 si
660 1713 772 1786 nuno
788 1705 844 1786 ad'
858 1705 1047 1812 Physiees
1068 1705 1311 1806 divisionem
1341 1708 1668 1815 progrediamur,

276 1827 1666 1938 -primooceurritPhysicaHistoriea,seu}listoriaNaturalis.scientia
1695 1913 1702 1928 ,

278 1953 373 2032 -baec
384 1952 687 2061 contemplatur
706 1956 847 2032 omnia
862 1969 1017 2033 natura
1036 1979 1212 2061 corpora
1227 1979 1318 2060 quae
1331 1955 1375 2037 in
1389 1954 1529 2034 seusus
1547 1951 1664 2062 ageio

288 2093 475 2181 possunt,
495 2092 536 2154 et
554 2103 645 2184 quae
669 2103 807 2155 rerum
820 2075 1066 2179 naturalium
1089 2078 1391 2182 investigatores
1412 2073 1603 2156 dividunt
1622 2080 1665 2166 in

160 2293 186 2310 ι·
286 2223 372 2276 ιιοιι
394 2199 584 2302 organica
608 2213 649 2275 et
677 2200 886 2303 organica,
902 2197 989 2281 baec
1015 2196 1336 2278 subdividuntur
1359 2199 1402 2277 in
1426 2199 1664 2303 vegetabilia

283 2335 326 2396 et
346 2319 549 2413 animalia;
569 2317 682 2421 unde
702 2333 785 2396 tros
805 2322 1002 2396 oriuntur
1021 2335 1155 2426 partes
1178 2311 1269 2426 quae
1291 2347 1415 2426 regna
1441 2337 1660 2418 vocantur,

280 2437 434 2519 scilieet
464 2459 635 2546 regnum
664 2438 879 2537 miserate,
906 2440 1084 2546 vegetale
1110 2455 1154 2520 et
1179 2427 1363 2521 animale.
1392 2441 1660 2547 Mineralogia

282 2563 366 2665 agit
381 2551 439 2640 'de
463 2561 707 2669 corporibus
723 2561 868 2642 solidis
888 2588 981 2672 qnae
1005 2563 1093 2643 sold
1118 2566 1298 2673 partium
1322 2548 1659 2671 juxta-positione

280 2699 320 2761 et
356 2683 694 2790 agglomeratione
736 2685 985 2783 formantur,
1019 2711 1095 2764 nee
1132 2683 1306 2793 proinde
1340 2702 1546 2785 crescunt,
1583 2711 1657 2767 nec

184 2805 186 2810 ’
278 2807 552 2905 nonnanes
581 2809 783 2905 sentiunt,
805 2806 1033 2914 cujusmodi
1057 2820 1154 2886 su'nt
1179 2823 1317 2906 terrae,
1345 2806 1523 2916 lapides,
1540 2810 1656 2908 salia,

277 2920 448 3005 metalla.
483 2929 674 3003 Botanica
709 2928 1008 3036 contemplatur
1040 2928 1200 3033 plantas
1230 2944 1302 3009 s'eu
1317 2954 1531 3038 ‘eorpora,
1567 2958 1658 3041 quae

277 3043 683 3149 intro-susceptione,
716 3060 763 3120 ut
790 3053 923 3167 aiunt,
957 3071 1171 3122 succorum
1188 3053 1364 3155 'proprie
1397 3070 1583 3129 crescunt
1616 3068 1656 3132 et

274 3166 437 3265 vivunt,
464 3166 537 3246 sed
564 3182 649 3245 non
677 3158 880 3262 sentiunt,
908 3159 995 3243 boe
1029 3183 1091 3245 est
1118 3187 1240 3246 sensu
1267 3167 1370 3246 nihil
1401 3171 1653 3312 percipiunt,

275 3317 412 3400 neque
431 3316 473 3371 se
499 3292 586 3399 ips'a
591 3289 698 3368 loco
718 3306 900 3394 movent,
920 3306 967 3370 ut
982 3306 1078 3369 sunt
1096 3288 1231 3397 iungi,
1251 3291 1432 3420 arbores,
1452 3296 1650 3399 gramina,
1718 3302 1724 3307 '

278 3429 319 3492 et
339 3429 490 3550 caeterae
510 3438 652 3495 omnes
670 3410 825 3519 plantae.

325 3657 522 3761 Zoologia
542 3661 624 3761 agit
629 3658 697 3735 de
717 3657 972 3754 animalibus,
990 3659 1035 3736 id
1054 3674 1115 3737 est
1131 3658 1181 3736 de
1200 3644 1442 3767 corporibus
1453 3684 1544 3770 quae
1560 3687 1649 3769 pro-

272 3780 362 3889 prie
382 3779 547 3881 vivunt,
567 3794 770 3877 creseunt,
791 3781 991 3878 sentiunt,
1013 3781 1159 3919 etipsa
1180 3803 1222 3860 se
1243 3780 1341 3861 loco
1360 3809 1525 3861 movere
1554 3811 1647 3897 pos-

273 3920 383 4005 sunt,
408 3920 456 3983 ut
488 3919 583 3983 sunt
610 3900 913 4012 quadrupedia,
944 3920 1052 4001 aree,
1073 3903 1217 4036 pisces:
1242 3893 1417 3982 Historia
1445 3903 1647 3989 Naturalis

273 4024 572 4143 contemplatur
600 4027 905 4105 universitatem
921 4049 1156 4141 corporum
1189 4024 1384 4138 cujusque
1415 4030 1551 4133 r'egtti
1573 4040 1647 4167 p'er

273 4171 416 4239 omnes
439 4137 649 4256 periodos,
667 4172 774 4288 quas.
791 4150 998 4257 singulum
1017 4151 1239 4231 successive
1257 4150 1460 4262 percurrit
1482 4148 1594 4229 ab
1556 4162 1645 4259 ejus

170 4286 176 4299 '
272 4269 594 4350 conformatione
610 4272 902 4353 autnatrtttate
916 4274 1108 4383 adusque
1122 4271 1642 4385 eJusderndestructlonem

326 4516 408 4615 Sed
423 4516 588 4597 contusa
611 4533 674 4599 est
697 4505 789 4597 trine⁴
810 4514 954 4597 ordine
972 4516 1098 4597 moles
1121 4530 1275 4598 naturae
1291 4516 1435 4599 ¹uultus
1445 4570 1459 4620 ,1
1479 4518 1643 4598 et-faetd
1669 4624 1674 4633 .
1782 4608 1786 4616 Δ

1415 4651 1446 4695 2·
