4509 5875
683 662 1233 771 cnocnrrnurncouou
1597 696 1637 767 η

329 822 525 940 Exiguam
554 831 772 941 Margarita
793 838 1002 943 regionem
1026 837 1199 919 verbulo
1219 837 1442 947 depingam.
1465 842 1511 919 In
1532 838 1635 921 divi-
1679 942 1687 953 .

266 951 381 1032 sione
397 955 513 1060 regni
534 955 733 1056 Lotherii‚
756 959 864 1065 apud
880 960 1109 1040 Marsauum
1129 988 1161 1038 a.
1185 960 1460 1068 870actl(1),
1485 963 1633 1045 Carolo

267 1071 393 1154 calvo
412 1073 735 1178 adscribebantur,
751 1077 795 1156 in
821 1083 1059 1183 superiorem
1076 1097 1127 1171 'et
1147 1082 1398 1160 subteriorem
1419 1110 1450 1162 s.
1472 1087 1634 1189 inferro·

265 1221 347 1272 ram
380 1194 515 1275 divisa.
546 1197 657 1275 lacet
691 1194 760 1274 illa
779 1198 838 1274 in
860 1200 1049 1275 orientali
1072 1200 1194 1277 Mosae
1226 1201 1334 1307 ripi,
1354 1201 1436 1281 haec
1464 1205 1509 1282 in
1531 1212 1633 1287 occi·

263 1312 444 1409 dentali,·
463 1314 573 1396 unde
597 1315 679 1397 haec
696 1316 780 1395 sola
799 1317 920 1397 nobis
938 1316 1202 1416 describenda
1221 1337 1290 1400 est.
1310 1325 1478 1403 Tractus
1494 1324 1537 1402 hi
1558 1353 1633 1407 nec

263 1438 415 1517 extensi
436 1456 572 1541 erant,
596 1466 672 1519 neo
693 1437 830 1547 quoad
848 1424 1031 1518 indolem
1052 1442 1214 1549 majoris
1234 1446 1450 1543 momenti;
1470 1447 1632 1527 demissi

262 1557 383 1665 plane
422 1587 467 1639 ac
505 1559 732 1667 palludosi‚
761 1562 865 1640 sicut
892 1558 1025 1663 luere,
1051 1559 1277 1643 hodienum
1306 1563 1357 1643 de
1377 1566 1495 1673 peel,
1516 1568 1630 1680 quod
1683 1628 1687 1635 v

262 1678 374 1758 idem
404 1686 533 1759 est‘ac
554 1682 652 1789 poel
675 1680 841 1789 (palus),
868 1682 1131 1761 nominantur
1155 1682 1279 1763 :inde
1305 1683 1494 1767 villarum
1523 1686 1633 1769 nulla

265 1796 492 1909 frequentia
520 1800 645 1903 adeo,
674 1818 721 1880 ut
747 1800 998 1882 occidentem
1026 1829 1165 1884 versus
1191 1802 1312 1913 plane
1339 1806 1482 1887 desint.

317 2018 481 2121 Quibus
502 2019 551 2125 (si
570 2018 649 2097 deo
666 2016 810 2127 placet)
828 2019 906 2100 rite
928 2019 1071 2125 allatis,
1088 2020 1206 2101 altius
1221 2020 1305 2130 jam
1327 2022 1633 2127 adscendamus,

261 2135 337 2219 ubi
355 2139 467 2220 orbis
485 2142 613 2220 nostri
623 2168 715 2249 pars
731 2142 932 2257 sequitur,
948 2141 1069 2250 longe
1088 2143 1278 2252 pulcrior.
1292 2146 1354 2223 De
1363 2170 1468 2253 pago
1488 2148 1634 2227 Bruolr·

262 2262 423 2341 batensi
437 2264 617 2371 primum
633 2262 748 2374 loqui
767 2262 823 2342 fas
847 2281 917 2343 est.
938 2265 1032 2343 Haec
1049 2265 1159 2343 enim
1179 2263 1313 2368 regio,
1330 2262 1452 2370 longe
1473 2265 1642 2376 lateque*

261 2400 468 2485 exstensa,
480 2410 680 2493 pagorum
698 2385 884 2463 omnium
900 2401 1134 2464 nostrorum
1146 2400 1299 2463 namra
1313 2383 1513 2464 fertilitate
1521 2412 1635 2492 puns-

260 2506 532 2585 tentissimum
550 2506 892 2587 acieracissimum
904 2506 1046 2588 obfert.
1061 2504 1126 2587 Ad
1136 2504 1339 2585 menatem
1350 2504 1460 2591 silvis
1468 2510 1634 2611 consita,

261 2628 484 2732 prasertim
495 2628 746 2708 Carbonaria
758 2627 826 2706 illa
839 2627 1077 2728 ornabatur,
1090 2626 1142 2706 ad
1156 2626 1397 2707 occidentem
1407 2654 1505 2707 vero
1519 2655 1637 2707 cunc·

257 2748 317 2825 -tis
333 2746 496 2854 frugum
515 2748 801 2859 fructuumque
822 2749 1061 2855 generibus,
1079 2748 1300 2855 praesertim
1316 2746 1389 2825 ubi
1414 2743 1537 2826 valles
1557 2747 1634 2829 illac

262 2894 431 2949 amoenae
444 2870 551 2946 inter
562 2868 788 2948 lenissimos
802 2870 925 2945 eolles
933 2866 1214 2967 includuntur,
1225 2891 1366 2946 omnes
1371 2865 1454 2951 fere
1465 2868 1635 2980 Europa

264 3005 394 3070 terras
411 3002 638 3098 exsuperat,
657 3002 779 3098 atque
798 2985 874 3066 haio
885 2987 973 3093 ipsa
992 3011 1037 3064 re
1052 2985 1096 3063 in
1117 2984 1382 3091 proverbium
1398 2988 1507 3069 abiit.

896 3239 1000 3339 cv.

319 3458 412 3538 Hac
435 3455 558 3537 hodie
579 3454 758 3563 (dixeris)
777 3457 834 3536 sic
861 3481 904 3536 se
927 3453 1095 3552 habent3
1115 3482 1233 3558 sane,
1246 3472 1367 3567 atque
1390 3457 1512 3538 etiam
1531 3461 1634 3538 anti-

264 3581 421 3691 quitus,
448 3605 522 3686 ego
552 3577 682 3658 iniero
705 3578 849 3687 :cujus
876 3577 936 3657 rei
949 3575 1093 3684 ‘nullus
1117 3579 1230 3657 testis
1248 3579 1384 3657 verior
1408 3594 1468 3658 est
1494 3596 1536 3658 et
1561 3607 1636 3689 po·
1683 3651 1688 3662 .

269 3717 349 3782 test
389 3728 510 3804 esse,
535 3727 659 3810 quam
685 3689 801 3808 copia
826 3698 1052 3780 incolarum
1082 3715 1124 3779 et
1151 3698 1318 3780 urbium
1329 3739 1350 3802 ‚·
1369 3698 1637 3812 villarumque

266 3819 513 3934 aequantia,
539 3821 621 3932 qui
644 3837 800 3902 ceteros
829 3848 972 3902 omnes
998 3821 1208 3901 antecellit.
1237 3821 1279 3901 Si
1305 3847 1404 3902 vero
1432 3823 1638 3931 scriptoris

267 3947 500 4025 testimonio
525 3969 631 4052 opus
655 3961 734 4048 est,
753 3943 836 4024 haec
858 3942 909 4023 de
933 3970 983 4044 eo
1006 3945 1051 4023 in
1078 3945 1160 4023 vita
1185 3944 1234 4023 D.
1256 3942 1389 4024 Livini
1419 3945 1491 4050 (ex
1518 3946 1639 4024 Otto·

270 4065 340 4145 nia
358 4063 578 4166 venientis)
599 4092 623 4143 a
646 4064 844 4174 discipulo
869 4065 954 4174 ejus
981 4067 1205 4175 conscripta
1226 4063 1314 4170 lege
1338 4092 1348 4144 ε
1373 4097 1394 4140 c
1414 4065 1466 4142 In
1492 4082 1639 4145 terram

272 4186 600 4266 Burelrarrtisiam
617 4191 685 4285 (sc.
704 4191 848 4288 vena),
875 4216 955 4296 quo
972 4185 1210 4296 ingrediente
1218 4183 1445 4264 uenerando
1446 4188 1572 4292 ponti
1619 4213 1642 4264 a

272 4308 492 4413 salutiferis
505 4308 711 4418 gracilius,
738 4307 1024 4388 admirabatur
1034 4311 1348 4389 amandamam
1365 4299 1532 4426 terram
1546 4333 1641 4416 spa·

320 4499 370 4588 (r)
392 4499 469 4569 vid.
483 4500 626 4568 Annales
641 4499 847 4568 Bretinianos
860 4499 903 4566 ad
924 4521 976 4564 au.
996 4499 1072 4585 870.
1180 4595 1183 4604 Α

379 4627 414 4694 11
429 4676 438 4694 .
1450 4619 1472 4692 3
