4509 5875
640 655 686 739 48
875 651 1119 724 GUlLlELMl
1142 651 1242 724 CAR.
1265 651 1385 726 vlcr.
1408 651 1507 727 VAN
1529 653 1769 729 DEN‘DALE

640 850 742 931 ritus
763 847 1021 946 nanciscitur,
1047 849 1102 928 ita
1126 869 1174 929 ut
1199 876 1285 926 non
1308 853 1414 954 ipsas
1435 873 1500 926 res
1520 843 1591 926 sed
1621 872 1761 926 earum
1781 849 2001 932 aestimatio-

640 997 736 1049 nem
755 969 964 1047 restituere
981 983 1140 1046 tantum
1162 967 1316 1048 debeat
1335 968 1408 1047 Sin
1425 993 1522 1049 vero
1542 969 1687 1047 marito
1711 965 1862 1046 fundus
1893 972 2004 1051 datus

641 1085 764 1166 fuerit
781 1088 826 1165 ea
837 1087 935 1196 lege,
945 1102 991 1165 ut
1007 1087 1070 1164 vel
1091 1089 1219 1193 ipsam
1232 1115 1318 1168 rem
1332 1087 1397 1167 rel
1411 1086 1496 1194 ejus
1515 1087 1822 1169 aestimationem
1841 1087 2003 1188 reddat,

639 1205 981 1312 distinguendum,
1000 1235 1053 1286 an
1071 1206 1214 1289 electio
1233 1224 1436 1317 competat
1449 1211 1527 1318 ipsi
1540 1238 1592 1290 an
1611 1214 1731 1290 uxori
1746 1212 1841 1318 ejus.
1856 1213 1900 1292 si
1920 1241 2004 1294 ma·

639 1329 734 1427 rito,
758 1329 942 1410 alienatio
961 1329 1069 1408 licita
1087 1348 1166 1428 est3
1184 1332 1248 1411 sin
1266 1335 1407 1434 uxori,
1434 1331 1677 1438 prohibetur
1699 1334 1768 1438 (1).
1798 1334 1846 1411 In
1872 1332 2003 1412 dnbio

637 1468 773 1534 autern
799 1451 942 1562 electio
973 1451 1120 1530 marito
1150 1451 1431 1550 concedenda,
1454 1451 1534 1530 hoc
1559 1453 1752 1532 suadente
1774 1455 2002 1559 principio:

636 1570 681 1652 in
702 1571 949 1652 alternativis
968 1569 1110 1648 electio
1129 1567 1327 1647 debitoris
1346 1586 1422 1672 est,
1439 1572 1517 1650 nisi
1537 1598 1629 1651 eam
1644 1572 1724 1650 sibi
1747 1571 1922 1648 creditor
1938 1599 2003 1650 re-

636 1693 862 1780 servaverit,

688 1901 886 1980 Alienatio
906 1927 1072 2014 quoque
1094 1901 1264 1983 domino
1290 1902 1500 2015 prohiberi
1520 1917 1653 2011 potest
1668 1902 1823 1981 ratione
1840 1899 2002 1981 alterius

633 2045 836 2135 personae,
853 2021 914 2112 uti
932 2049 1071 2103 rursus
1093 2026 1250 2106 maritis
1270 2026 1525 2136 prohibitum
1547 2042 1608 2107 est
1633 2027 1677 2105 in
1703 2023 1879 2104 favorem
1899 2049 2000 2102 uxo-

632 2169 726 2232 rum
746 2169 932 2242 suarum,
956 2147 1057 2262 quia
1078 2173 1220 2238 uxores
1244 2175 1327 2228 suoe
1350 2166 1458 2244 aaut,
1487 2148 1551 2229 bis
1573 2149 1616 2227 in
1635 2145 1812 2227 savorem
1829 2171 2000 2224 suorum

632 2265 872 2347 maritorum
884 2322 895 2367 ,
907 2269 1007 2376 quib
1021 2270 1183 2354 mariti,
1194 2267 1609 2340 &mammea
1624 2288 1716 2346 toro
1727 2267 1865 2351 lacere.
1875 2261 2003 2364 Quod

580 2427 584 2440 ·
630 2381 766 2490 legum
775 2385 909 2459 verbis
923 2381 1117 2488 expressis
1125 2381 1326 2469 sancitum
1337 2400 1399 2474 est
1413 2381 1491 2489 (a),
1499 2397 1590 2470 tum
1599 2407 1652 2468 ne
1663 2400 1848 2474 mutuato
1866 2409 2002 2462 amore

632 2505 822 2610 conjuges
840 2502 1015 2586 invicem
1028 2500 1313 2608 spoliarentur,
1331 2503 1622 2584 donationibus
1638 2529 1724 2582 non
1734 2519 2003 2610 temperantes

631 2621 704 2704 sed
721 2619 885 2730 prolusi
898 2645 992 2726 erga
1004 2647 1047 2700 se
1067 2620 1258 2709 facilitate
1270 2681 1281 2726 ,
1293 2641 1383 2704 turn
1401 2627 1495 2733 quia
1512 2650 1615 2735 saepe
1624 2621 1808 2702 futurum
1817 2612 1931 2722 esset,
1950 2637 2000 2700 ut

631 2744 928 2825 discuterentur
945 2745 1217 2849 matrlmonia,
1227 2748 1262 2862 si
1280 2774 1366 2827 non
1379 2747 1550 2829 donaret
1565 2748 1599 2824 is
1617 2746 1690 2855 qni
1703 2760 1855 2852 posset,
1876 2759 2000 2852 atque

631 2865 678 2947 ei
690 2867 848 2946 ratione
866 2883 1120 2961 eventurum,
1138 2883 1185 2948 ut
1201 2865 1386 2958 vebalitia
1407 2883 1539 2951 essent
1557 2867 1821 2955 matrimonia.
1840 2865 1911 2945 Est
1924 2891 1996 2944 au-

630 3004 715 3069 tem
732 2985 834 3068 adeo
857 2986 969 3069 nulla
990 2986 1157 3069 donatio
1175 2988 1427 3099 hujusmodi,
1447 3007 1496 3081 ut
1514 2988 1744 3073 dominium
1761 2990 1821 3079 rei
1841 2987 1998 3073 donatae

630 3134 715 3193 non
724 3126 899 3187 transeat
907 3111 952 3185 in
963 3102 1316 3206 donatarium,sed
1327 3102 1515 3189 donantis
1523 3120 1695 3197 maneat,
1711 3104 1769 3183 ita
1783 3121 1831 3184 ut
1843 3104 1998 3197 donans

632 3254 719 3307 eam
736 3254 866 3339 usque
885 3224 1235 3335 vindicarenpossit
1252 3226 1320 3332 (3).

680 3420 874 3499 Proeterca
893 3444 979 3499 non
999 3421 1107 3500 inter
1130 3418 1321 3528 conjuges
1339 3434 1498 3499 tantum
1520 3416 1737 3528 prohibitae
1757 3416 1995 3500 donationes

629 3558 745 3647 sunt,
763 3539 833 3622 sed
854 3555 895 3621 et
913 3541 1022 3621 inter
1049 3536 1114 3620 eas
1134 3567 1343 3649 personas,
1360 3568 1461 3653 quas
1478 3541 1583 3621 inter
1613 3541 1647 3619 si
1669 3540 1836 3619 donatio
1858 3538 1990 3642 lieret,

628 3662 735 3740 inter
751 3664 944 3775 [conjuges
964 3665 1074 3771 ipsos
1100 3663 1200 3743 lacta
1219 3680 1452 3745 censeretur
1470 3723 1483 3767 ,
1501 3664 1561 3743 uti
1578 3663 1683 3743 inter
1703 3688 1792 3757 eos,
1810 3685 1988 3771 quorum

629 3790 816 3891 potestati
843 3787 1032 3895 conjuges
1051 3785 1343 3894 subjiciuntur,
1362 3803 1432 3867 aut
1459 3788 1533 3897 qui
1560 3784 1777 3894 conjugum
1802 3783 1988 3891 potestati

628 3902 705 4015 ipsi
733 3904 901 4012 subjecti
931 3924 1028 3990 sunt
1053 3910 1121 4015 (4).
1150 3908 1373 4006 Caeterum,
1400 3910 1597 4017 quoniam
1624 3907 1858 3995 donationes
1884 3906 1992 3985 inter

671 4106 722 4193 (r)
735 4112 770 4175 L.
789 4136 825 4185 ιι
846 4116 882 4183 ff.
897 4118 940 4187 de
953 4116 1059 4185 tundo
1076 4117 1191 4183 dotali.

670 4223 718 4315 (a)
735 4226 770 4293 L.
788 4252 819 4308 r,
837 4254 855 4297 a
870 4234 931 4301 etei
949 4238 985 4303 ft.
1000 4238 1043 4305 de
1057 4237 1136 4305 don.
1150 4238 1210 4304 int
1223 4240 1284 4306 vir.
1296 4254 1330 4308 et
1343 4262 1399 4309 ux.

670 4346 720 4436 (a)
734 4348 770 4415 ι.
786 4348 820 4427 a,
840 4362 857 4427 ς
878 4374 934 4431 to,
954 4380 989 4423 n
1011 4360 1048 4425 rr.
1063 4360 1106 4427 aa
1119 4344 1201 4428 ‹1011ss
1215 4364 1350 4430 aneso.
1364 4380 1459 4432 eiua.

671 4470 719 4561 (4)
734 4471 768 4539 L.
784 4474 819 4550 ii,
835 4472 917 4540 Cod.
934 4474 976 4541 ds
992 4479 1070 4549 don.
1085 4482 1146 4549 int.
1161 4484 1221 4551 vir.
1235 4501 1367 4555 etun...
1381 4490 1417 4555 1..
1432 4487 1470 4568 3,
1485 4499 1502 4566 ς
1523 4484 1595 4557 off.
1612 4488 1688 4557 eod.
