4509 5875
515 654 808 775 assrousio
832 679 903 752 an
926 681 1115 770 Quasr.
1142 668 1415 753 enrsman.
1606 674 1669 746 13.

695 827 702 865 l

275 891 370 959 'sunt
391 878 656 987 phaenomena
671 882 855 989 quaedam
874 898 1038 961 externa
1059 862 1296 990 eorporum,
1311 876 1382 959 sed
1400 878 1506 955 vires
1524 875 1648 955 inter·

274 1028 357 1096 nae3
388 1002 495 1080 vires
524 1019 660 1082 autem
689 1028 973 1109 quaecumque,
1002 1020 1050 1079 ut
1073 1005 1261 1110 superius
1284 1000 1541 1081 observatum
1568 1014 1648 1094 est,

276 1149 353 1202 neo
377 1148 498 1200 manu
523 1122 697 1230 palpari,
720 1149 795 1201 nec
816 1123 943 1200 oeulis
966 1124 1112 1228 aspici,
1141 1148 1215 1201 neo
1238 1121 1323 1200 ullo
1346 1150 1468 1201 sensu
1490 1122 1646 1229 percipi

275 1261 448 1353 queunt,
469 1241 541 1321 sed
561 1243 646 1322 solia
669 1244 823 1321 ratione
843 1258 884 1320 et
903 1241 1111 1320 intellectu
1132 1259 1353 1349 conceptus
1377 1270 1523 1321 earum·
1542 1245 1648 1321 exci-

268 1364 350 1441 tari
372 1365 416 1442 in
434 1364 568 1443 anima
584 1379 763 1473 possunt
778 1364 881 1464 Quae
891 1361 1362 1444 sensibus'observantur
1376 1360 1543 1441 effeetus
1557 1376 1653 1440 sunt

272 1510 414 1563 earum
442 1486 595 1563 virium
623 1510 710 1561 non
736 1487 834 1591 ipsae
860 1486 988 1580 vires,
1019 1500 1059 1563 et
1085 1484 1232 1563 harum
1261 1512 1384 1593 quarn
1407 1483 1651 1563 haberemus

268 1606 512 1699 notionem,
536 1606 617 1681 nisi
637 1630 705 1681 eas
722 1629 843 1681 sensu
861 1600 1008 1681 intimo
1027 1605 1072 1681 in
1088 1603 1293 1683 nobismet
1312 1606 1410 1710 ipsis
1432 1603 1652 1712 deprehen·
1707 1652 1710 1659 ·

274 1724 491 1806 daremus?
515 1723 622 1805 Cum
648 1726 694 1803 in
711 1723 790 1803 alio
820 1752 992 1833 corpore
1020 1727 1292 1832 comperimus
1317 1725 1458 1804 eadem
1488 1726 1650 1834 phaeno-

275 1874 394 1927 mena
413 1875 505 1957 quae
526 1848 581 1925 in'
596 1840 801 1925 nobismet
821 1848 919 1953 ipsis
938 1873 1060 1925 sensu
1082 1848 1246 1925 interno
1264 1861 1305 1925 et
1323 1863 1492 1926 externo
1511 1848 1645 1928 intue-

273 1996 390 2065 mur,
410 1996 504 2047 cum
522 1985 681 2067 ortum,
701 1968 901 2047 rationem
919 1964 1181 2064 subsistendi,
1195 1965 1371 2063 obitum,
1394 1994 1487 2045 cum
1506 1966 1651 2075 agendi
1685 1982 1687 1987 “

273 2080 475 2168 rationem
505 2105 547 2171 et
576 2086 787 2197 quomodo
820 2089 896 2167 alia
924 2087 1102 2192 afficiat,
1115 2087 1167 2167 ab
1193 2086 1281 2167 aliis
1308 2086 1524 2187 afficiatur,
1557 2087 1651 2167 dili·
1693 2172 1698 2177 ,

273 2229 415 2319 genter
435 2209 811 2308 animadvertimus,
833 2238 927 2291 cum
948 2210 1032 2291 haec
1056 2212 1193 2289 omnia
1215 2212 1364 2291 virtute
1389 2212 1536 2289 mentis
1555 2238 1652 2290 con-
1709 2238 1710 2243 ¹
1754 2286 1757 2296 ,

272 2330 470 2439 junetrice
501 2322 751 2435 colligimus3
782 2346 871 2408 tum
907 2358 992 2409 non
1027 2358 1170 2427 sensu,
1210 2330 1282 2410 sed
1319 2332 1533 2410 ratiocinio
1568 2328 1652 2410 fere

276 2480 438 2563 semper
449 2449 658 2564 percipere
667 2478 898 2559 possumus,
912 2450 1151 2560 cujusregni
1165 2454 1216 2532 sit
1227 2479 1374 2561 corpus
1388 2451 1651 2560 exploratum.
1736 2538 1743 2551 ,

335 2680 416 2763 Sed
438 2683 473 2762 si
492 2681 673 2761 Historia
692 2682 896 2761 Naturalis
918 2681 970 2762 ad
990 2682 1212 2761 solutiones
1242 2679 1530 2788 praedictorum
1556 2707 1652 2789 pro-

280 2802 501 2884 blematum
514 2804 797 2910 restringatur,
810 2806 976 2883 scientia
993 2806 1167 2885 maxime
1186 2802 1299 2883 utilis
1314 2819 1355 2881 et
1368 2828 1535 2882 amoena
1549 2828 1653 2882 com·

278 2942 461 3002 mutatur
484 2929 531 3000 in
549 2954 653 3026 opus
670 2928 876 3006 memoriae
893 2927 1045 3004 siceum
1069 2943 1112 3002 et
1129 2926 1275 3003 sterile.
1296 2924 1565 3005 Scientiarum
1582 2953 1654 3006 au-

279 3063 364 3125 tem
381 3043 642 3149 Physicarum
663 3059 797 3148 partes
816 3051 872 3120 ita
891 3050 1058 3120 interae
1080 3067 1221 3120 omnes
1246 3071 1436 3122 connexae
1465 3065 1580 3144 sunt,
1608 3063 1655 3126 ut

278 3166 467 3246 Historiae
475 3162 678 3243 Naturalis
685 3162 889 3243 studiosus
902 3161 1151 3242 desideratos
1164 3189 1402 3270 progressus
1420 3162 1550 3242 lacere
1568 3191 1653 3243 non

278 3315 398 3398 posse
430 3286 731 3368 videatursi'ne
768 3285 971 3395 adjutorio
998 3288 1131 3364 omnis
1161 3285 1347 3393 Physiees
1377 3285 1654 3390 Theoreticae,

281 3409 447 3521 ejusque
486 3409 766 3519 applicatione.
801 3409 844 3489 Si
879 3412 989 3489 enim
1018 3411 1261 3517 perscrutari
1290 3407 1408 3511 velit,
1442 3408 1653 3518 quomodo

282 3559 455 3641 corpora
472 3558 556 3610 non
578 3533 766 3639 organica
789 3529 1033 3630 formentur,
1059 3559 1150 3640 quae
1177 3533 1258 3610 sint
1281 3557 1424 3610 eornm
1452 3532 1654 3638 principia
1722 3573 1724 3576 ·

161 3698 164 3703 ·
281 3656 583 3752 constituentia,
596 3653 805 3759 quomodo
824 3653 1192 3762 decomponantur,
1212 3657 1284 3761 qui
1297 3656 1379 3732 sint
1396 3680 1540 3732 eorum
1559 3679 1655 3732 usus
1769 3645 1772 3660 '

279 3790 369 3854 tum
390 3775 436 3852 in
458 3771 614 3852 artibus
634 3789 676 3851 et
694 3772 882 3881 opificiis,
899 3789 989 3851 tum
1009 3777 1055 3853 in
1073 3801 1118 3853 re
1140 3772 1373 3873 domestici,
1395 3803 1485 3885 quae
1504 3776 1557 3852 sit
1572 3801 1656 3853 cor·
1713 3779 1722 3792 “
1789 3805 1793 3815 ·

278 3923 430 4004 porum
454 3895 615 4003 organis
643 3896 936 3976 instructorum
967 3895 1099 3976 forma
1126 3913 1303 3996 externa,
1333 3921 1424 4006 quae
1453 3911 1655 3976 suuotura

280 4018 559 4126 interna,qnis
576 4020 630 4097 sit
647 4020 691 4096 in
710 4019 790 4098 illis
808 4021 987 4130 partium
1006 4023 1104 4100 rasus
1121 4014 1173 4097 ad
1194 4019 1287 4098 vitae
1300 4018 1654 4116 sustentationem,

282 4137 364 4248 qua
386 4139 542 4218 ratione
567 4155 609 4218 et
629 4140 837 4248 quomodo
859 4143 1095 4222 nutriantur
1121 4157 1163 4222 et
1183 4158 1376 4237 crescant,
1398 4138 1655 4220 infirmentur

283 4278 324 4340 et
350 4277 537 4368 pereant,
557 4261 650 4376 quis
677 4266 805 4369 possit
832 4293 918 4346 esse
944 4265 1094 4345 horum
1122 4289 1342 4370 corporum
1367 4287 1464 4340 usus
1486 4264 1530 4340 in
1558 4289 1653 4340 nos·

283 4400 389 4462 tram
409 4383 626 4464 utilitatem
641 4400 689 4493 'et
712 4384 1075 4483 oblectamentum,
1105 4415 1129 4463 a
1158 4384 1309 4494 quibus
1338 4400 1379 4465 et
1408 4381 1498 4494 quae
1525 4409 1654 4462 nocu-

287 4523 422 4589 menta
443 4506 563 4588 nobis
583 4503 720 4588 afferri
745 4509 917 4616 possint,
935 4511 1008 4616 qui
1030 4511 1111 4589 sint
1135 4498 1368 4588 animalium
1392 4533 1541 4610 mores,
1563 4531 1654 4613 quae
