4509 5875
584 702 633 797 96
1023 703 1082 770 n.
1107 697 1137 771 a.
1163 699 1466 769 usnasuaar

585 883 659 962 oile
678 879 996 988 comparandum
1009 907 1019 956 t
1033 879 1107 960 ubi
1129 879 1408 960 instrumentis
1417 895 1460 957 et
1470 873 1832 985 utensilibus,‘quae
1848 901 1956 957 anuo

582 1005 717 1112 elapso
748 1003 968 1084 doctissimi
1006 1005 1134 1083 nostri
1169 1003 1290 1111 liujus
1320 999 1540 1107 discipline
1568 997 1808 1078 Pmlessoris
1845 998 1958 1107 jussu

582 1129 842 1227 emebantur,
867 1125 1174 1206 exercitationes
1203 1149 1345 1202 ornnes
1372 1120 1425 1200 ad
1452 1120 1748 1201 instituendum
1778 1146 1959 1202 necessa-

581 1251 650 1328 riae
667 1247 883 1328 commode
900 1262 1072 1353 possunt
1088 1244 1239 1326 haberi.
1262 1245 1383 1323 Nunc
1399 1268 1499 1323 vero
1520 1241 1823 1323 liberalissimus
1842 1245 1960 1322 Prin·

582 1397 675 1476 ceps
694 1369 746 1448 ad
775 1395 839 1469 ea,
858 1395 948 1478 quse
973 1367 1138 1475 publice
1164 1383 1259 1474 sunt
1284 1363 1428 1458 utilia,
1465 1391 1625 1474 semper
1653 1365 1962 1474 paratissimus,

581 1489 772 1570 subsidiis
792 1488 950 1567 idoneis
967 1487 1191 1567 necessitati
1210 1503 1355 1566 nostrae
1371 1489 1591 1590 succurrit,
1609 1488 1747 1596 etjam
1764 1491 1809 1568 in
1827 1489 1958 1568 maui-

581 1612 659 1690 bus
680 1626 741 1689 est
768 1607 955 1716 praeclara
979 1609 1344 1688 instrumentorum
1370 1606 1556 1689 collectio
1575 1611 1643 1717 (1)
1674 1611 1777 1691 Item
1799 1609 1822 1690 d
1849 1614 1960 1717 Rege

579 1735 668 1839 ipso
699 1731 798 1839 jussi
835 1746 931 1810 suut
962 1727 1101 1837 plures
1134 1729 1212 1818 viri
1239 1726 1516 1832 celeberrimi,
1534 1747 1583 1808 ut
1610 1733 1799 1811 Museum
1822 1759 1963 1812 rerum

584 1851 833 1931 naturalium
859 1851 980 1928 nobis
1006 1866 1285 1956 compararent
1301 1847 1378 1955 (a);
1395 1877 1486 1956 qua·
1511 1877 1577 1932 ree
1605 1852 1758 1956 optima
1788 1879 1961 1962 quaeque

580 1999 742 2080 sperare
770 1997 845 2050 uos
879 1968 1005 2078 jubet.
1034 1970 1254 2048 Tmnseem
1277 1968 1640 2076 prestantissimam
1674 1969 1785 2049 illam
1815 1975 1960 2051 anima·

581 2094 708 2193 lium,
735 2092 935 2199 praecipue
963 2091 1112 2170 Avium
1135 2091 1338 2170 rariorum
1368 2089 1671 2194 collectionem,
1692 2093 1775 2202 qud
1791 2090 1960 2175 donavit

581 2216 667 2293 Rex
689 2213 1006 2316 Augustissimus
1029 2210 1285 2292 Academiam
1310 2230 1512 2318 nostram,
1533 2229 1576 2293 et
1603 2241 1694 2325 quac
1720 2214 1851 2296 Musei
1869 2241 1958 2294 uos-

541 2378 548 2387 ·
582 2335 635 2412 tri
659 2332 867 2440 egregium
898 2330 976 2409 erit
1002 2351 1295 2414 ornamentum.
1951 2371 1955 2379 ·

635 2531 770 2639 Atque
788 2545 933 2638 preter
949 2545 1113 2608 externa
1132 2527 1215 2607 baec
1232 2527 1431 2636 subsidia,
1448 2527 1601 2641 quibus
1618 2529 1700 2638 jam
1717 2531 1957 2637 gloriamur,

584 2678 742 2734 summa
760 2651 940 2760 pecuniae
959 2648 1068 2730 baud
1090 2651 1236 2755 exigua
1256 2652 1479 2763 unicuique
1495 2651 1697 2739 Faculcui
1715 2654 1762 2734 iu
1777 2656 1959 2760 singulos

507 2857 510 2865 ,
584 2799 712 2864 annos
731 2789 791 2866 est
810 2771 1020 2870 destinata,
1043 2771 1124 2880 quir
1137 2770 1386 2861 Bibliotheca
1412 2773 1654 2884 reliquaque
1673 2775 1862 2863 instituta
1879 2801 1961 2857 sue·

582 2907 857 2996 tentarentur,
881 2905 1149 2997 augerentur,
1167 2907 1209 2971 et
1227 2891 1465 2999 perfectiora
1480 2921 1612 3004 usque
1633 2897 1861 2980 existerent
1921 2936 1925 2944 .

637 3078 763 3184 Quod
791 3077 970 3185 denique
997 3081 1196 3154 rationem
1225 3086 1391 3176 attinet,
1417 3104 1501 3189 qun
1527 3084 1678 3183 singuli
1708 3083 1960 3167 Professores

584 3200 717 3281 officio
738 3201 819 3280 sint
843 3196 971 3277 brncti
991 3256 1003 3299 ,
1027 3195 1157 3275 libere
1188 3195 1290 3275 mihi
1326 3194 1545 3277 dicendum
1571 3216 1653 3302 est,
1681 3202 1751 3281 vix
1776 3232 1960 3315 unqraam

584 3322 755 3431 reperiri
790 3318 915 3399 ullam
953 3318 1184 3397 societatem
1227 3318 1442 3422 virorum,
1471 3317 1550 3398 sibi
1588 3324 1769 3403 muneris
1795 3327 1960 3408 vinculo

581 3444 837 3553 junctorum,
860 3438 974 3548 cujus
1003 3438 1152 3546 singuli
1182 3436 1327 3546 majori
1341 3552 1346 3557 ἱ
1359 3437 1562 3520 desiderio
1601 3440 1770 3543 ardeant
1794 3446 1959 3531 benefa-

584 3564 741 3668 ciendi,
768 3579 810 3645 et
841 3562 1069 3672 provincias
1097 3561 1177 3643 sibi
1202 3558 1451 3647 concreditas
1481 3588 1576 3645 cum
1608 3563 1730 3645 laude
1766 3567 1958 3651 adminis-

583 3685 727 3767 nandi.

638 3876 788 3982 Negeri
822 3873 990 3985 quidem
1015 3874 1118 3956 illud
1145 3818 1314 3955 minime
1343 3892 1497 3985 potest,
1527 3879 1571 3957 iu
1599 3881 1776 3961 externis
1803 3883 1960 3996 aliquot

588 3995 711 4085 rebus
738 3993 914 4077 subinde
935 4022 1011 4075 uos
1030 3998 1166 4089 miuus
1187 4024 1349 4081 severos
1373 4002 1568 4101 extitisse5
1590 4004 1808 4087 sentientes
1837 4010 1958 4090 uimi-

632 4186 682 4277 (ι)
703 4188 845 4255 Decreto
858 4188 1000 4255 Ministr.
1015 4210 1058 4278 27
1073 4190 1180 4279 April:
1197 4190 1281 4258 1818
1300 4192 1398 4275 dcto,
1412 4206 1453 4259 n⁰
1468 4196 1544 4275 aod.

557 4374 561 4379 Ι
633 4291 682 4379 (a)
705 4292 944 4361 Collectiouena
959 4314 1079 4385 nempe
1091 4295 1213 4363 Arium
1229 4314 1264 4363 et
1276 4296 1579 4379 Mammilemmm,
1590 4298 1802 4393 aliamquead
1816 4304 1957 4373 Mineru-

589 4395 715 4487 logiatn
728 4412 763 4463 et
784 4396 978 4489 Geologiam
993 4400 1223 4496 necessariam.
1239 4401 1275 4467 id
1293 4404 1429 4493 quidem
1446 4406 1538 4495 regio
1555 4406 1709 4490 decreto,
1727 4409 1820 4500 quod
1839 4411 1952 4479 uobis·

589 4521 665 4567 cum
679 4502 964 4572 communicavere
985 4509 1176 4588 Curatores,
1189 4506 1252 4575 riri
1266 4506 1315 4577 ill.
1329 4508 1361 4575 d.
1376 4531 1396 4575 a
1411 4510 1492 4600 Apr.
1514 4509 1606 4579 1818.
1748 4555 1750 4559 -
