4509 5875
610 632 855 706 ntsronsto
881 631 945 702 AD
967 629 1140 722 QUAEST.
1161 629 1301 698 tuam.
1587 622 1634 721 39

273 836 345 918 sed
373 835 528 912 ratione
549 829 720 912 ducente
751 831 879 938 magis
897 828 1081 940 quotidie
1107 828 1317 936 magisque
1343 825 1387 904 in
1406 824 1501 933 ipsis
1525 822 1632 931 judi-

271 961 380 1038 cium
406 956 607 1051 firmetnr3
625 956 721 1064 quia
738 971 873 1034 tamen
894 952 960 1032 lex
979 953 1076 1060 ipsis
1101 949 1349 1031 intellectum
1369 942 1498 1051 dedit,
1518 945 1630 1027 dedit

271 1097 312 1162 et
329 1080 555 1162 facultatem
573 1075 873 1178 consentiendi,
892 1074 1074 1184 adeoque
1096 1099 1313 1152 consensus
1330 1074 1373 1151 in
1393 1072 1489 1178 ipsis
1509 1071 1637 1172 adest,

276 1220 382 1284 recte
405 1199 657 1298 dictumest,
682 1197 734 1277 de
763 1195 991 1276 minoribus
1018 1221 1103 1274 non
1130 1191 1350 1273 infantibus
1378 1193 1464 1291 hic,
1488 1193 1560 1272 ubi
1590 1193 1640 1272 de

248 1325 250 1332 '
271 1323 476 1402 voluntate
495 1321 663 1430 quaestio
683 1309 763 1423 est,
780 1346 865 1399 non
878 1345 962 1399 esse
981 1315 1258 1430 quaerendum.
1270 1317 1377 1422 Quia
1393 1333 1527 1395 tamen
1549 1340 1638 1393 con·

271 1469 409 1524 sensus
436 1467 578 1522 eorum
600 1442 770 1524 infirmis
793 1461 873 1538 est,
899 1441 1029 1518 voluit
1055 1441 1119 1519 lex
1146 1468 1240 1519 eum
1266 1442 1413 1522 tutoris
1437 1454 1507 1521 aut
1528 1465 1636 1519 eura·

268 1567 369 1646 toris
389 1563 621 1643 auctoritate
639 1560 753 1671 quasi
775 1559 989 1668 compleri3
1010 1559 1137 1661 unde,
1149 1588 1260 1660 cum,
1280 1567 1398 1639 etiam
1418 1564 1451 1638 si
1471 1587 1633 1642 consen·
1677 1556 1682 1566 ’
1705 1639 1709 1645 .

273 1692 351 1770 tire
369 1703 534 1797 queant,
553 1708 795 1764 consensum
812 1701 945 1762 tamen
960 1709 1104 1762 eorum
1120 1682 1186 1761 lex
1204 1680 1382 1762 reddidit
1402 1678 1639 1787 inhabilem,

269 1813 513 1918 incapacem,
532 1808 609 1886 nisi
630 1823 765 1887 tutore
781 1825 853 1887 aut
870 1824 1051 1910 curatore
1071 1808 1309 1908 comitante,
1328 1808 1436 1912 ipsos
1449 1804 1501 1886 ad
1518 1834 1630 1915 para-

273 1931 470 2040 graphum
493 1930 566 2009 ubi
587 1929 636 2009 de
659 1946 855 2038 potestate
876 1927 1138 2032 tractabitur,
1156 1927 1428 2034 relegavimus.
1451 1927 1574 2032 Quod
1599 1944 1641 2010 et

273 2055 316 2133 in
343 2043 720 2160 prodig'isfecimus‚
743 2051 944 2162 siquidem
966 2050 1108 2132 eadem
1130 2052 1182 2137 sit
1205 2048 1410 2149 relegandi
1433 2053 1546 2126 ratio.

324 2243 417 2322 Scio
426 2236 629 2348 equidem,
639 2238 745 2334 inter
754 2235 920 2336 infantii
931 2235 1100 2345 majores
1114 2235 1214 2315 alios
1227 2264 1311 2315 esse
1322 2237 1496 2316 infantiae
1509 2242 1639 2346 proxi-

273 2392 383 2462 mos,
415 2363 513 2442 alios
534 2355 736 2470 pubertati
764 2362 991 2468 proximos,
1012 2375 1052 2438 et
1074 2354 1238 2471 quando
1261 2357 1438 2468 pupillus
1468 2361 1641 2441 infantiae

272 2488 480 2594 proximus
506 2483 698 2592 appellari
720 2481 874 2564 desinat
892 2501 933 2563 et
949 2485 1085 2562 vocari
1103 2482 1306 2592 pubertati
1321 2485 1543 2591 proximus,
1554 2512 1639 2564 non

272 2607 375 2687 satis*
393 2630 477 2687 esse
494 2603 779 2713 exploratum,
806 2625 894 2688 tum
916 2608 1011 2716 quia
1038 2605 1080 2684 id
1100 2601 1192 2714 jure
1220 2633 1404 2714 expresse
1430 2605 1641 2686 definitum

271 2757 357 2808 non
378 2747 456 2832 est,
475 2747 564 2811 tum
596 2734 690 2842 quia
714 2733 757 2810 in
782 2759 830 2810 eo
853 2726 1083 2809 definiendo
1107 2729 1208 2808 mire
1219 2733 1385 2830 ,variant
1404 2731 1640 2840 interpretes

269 2853 336 2958 (1).
352 2855 424 2933 Ast
437 2855 532 2965 quia
542 2855 717 2964 benigne
734 2869 942 2964 receptum
955 2867 1032 2968 est,
1051 2876 1146 2931 eum
1160 2853 1231 2962 qui
1243 2852 1420 2961 infantiae
1431 2847 1639 2957 proximus

267 2992 349 3080 est,
369 2982 506 3058 omnia
523 2990 658 3061 tutore
676 2994 837 3059 auctore
855 2992 941 3046 non
958 2962 1092 3044 minus
1111 2984 1217 3086 recte
1231 2997 1346 3076 agere
1364 2999 1501 3079 posse,
1515 3002 1639 3083 quam

270 3100 344 3203 qui
362 3094 566 3199 pubertati
583 3094 792 3199 proximus
812 3105 892 3191 est,
915 3086 1102 3169 inutilem
1131 3090 1195 3169 bic
1223 3088 1309 3170 fore
1332 3091 1450 3199 hujus
1477 3097 1534 3174 rei
1560 3094 1640 3175 dis·

270 3214 543 3322 putationem,
565 3212 820 3293 arbitramur.

326 3406 407 3489 Sed
433 3430 726 3518 prosequamur
740 3403 791 3484 ad
804 3406 1145 3515 alia‘Requiritur
1165 3408 1273 3487 enim
1286 3425 1332 3489 2⁰
1349 3408 1400 3489 ad
1416 3408 1494 3489 hoc
1509 3420 1558 3489 nt
1572 3435 1646 3491 vo·

274 3528 406 3611 luntas
422 3532 526 3612 adsit
541 3530 671 3641 qualis
689 3528 826 3611 adesse
846 3528 967 3609 debet
986 3528 1038 3609 ad
1055 3530 1376 3612 transferendum
1394 3533 1642 3635 dominium,

274 3670 321 3731 ut
340 3671 558 3735 censemus
584 3654 628 3733 in
647 3653 947 3735 translationem
968 3652 1139 3732 dominii
1161 3655 1214 3733 sit
1234 3680 1353 3733 verus
1378 3672 1420 3733 et
1437 3655 1544 3733 scrin
1566 3674 1641 3764 po·

273 3776 372 3853 situs
392 3802 402 3871 ;
423 3804 517 3857 nam
537 3779 609 3886 qui
625 3777 786 3885 jocandi
805 3777 930 3883 gratid
948 3775 1077 3883 fingit,
1095 3776 1253 3856 sevelle
1267 3776 1640 3862 ntdomiuiumase

273 3894 506 3999 abeat,non
527 3926 576 3978 eo
596 3900 732 3979 animo
751 3926 837 3978 rem
857 3899 1001 4002 tradit,
1030 3917 1077 3979 ut
1099 3899 1184 4008 ejus
1205 3899 1430 3980 dominium
1449 3903 1611 3983 amittat

319 4088 367 4174 (ri
389 4090 453 4153 Alii
470 4090 559 4154 enim
582 4092 759 4157 terminum
779 4093 904 4159 faciunt
925 4116 1001 4159 ann.
1026 4114 1064 4159 ια
1084 4094 1117 4157 in
1139 4114 1235 4159 masc.
1255 4115 1295 4159 ro
1314 4093 1349 4157 in
1366 4094 1493 4182 puellis.
1512 4092 1545 4161 V.
1563 4098 1636 4163 Par.

275 4194 356 4257 Far.
371 4192 414 4260 ad
423 4195 460 4270 L.
478 4194 497 4259 5
512 4193 549 4257 fl.
567 4193 609 4260 de
626 4196 703 4283 Reg.
723 4198 790 4262 Jur.
810 4200 977 4264 Reatina.
996 4198 1037 4265 ad
1059 4202 1093 4265 t.
1112 4198 1131 4265 3
1152 4199 1226 4269 eod.
1250 4199 1411 4265 Aliiann.
1441 4200 1480 4267 13
1502 4200 1550 4267 nl
1587 4222 1637 4266 rr.

277 4299 408 4363 Horou.
431 4296 497 4363 bic.
514 4300 655 4365 Rouana.
673 4321 707 4375 a,
725 4317 845 4390 recept.
862 4304 934 4369 lect.
959 4327 1006 4391 ¹7·
1027 4305 1093 4369 Alii
1109 4327 1184 4369 ann.
1202 4304 1240 4369 13
1261 4304 1307 4391 ¹f²
1324 4305 1377 4380 vel
1397 4327 1432 4371 ιι
1449 4304 1516 4391 ψ.
1530 4306 1636 4371 Cura·

279 4424 351 4468 crus
375 4426 434 4491 17,
453 4403 522 4470 obs.
537 4396 568 4483 4ss
588 4404 655 4470 Alii
670 4426 809 4492 quorum
825 4408 1015 4494 opinionem
1038 4407 1140 4470 hodie
1161 4407 1344 4495 sequimur,
1363 4396 1502 4478 annsro
1523 4409 1569 4480 tls
1584 4412 1635 4475 vel

276 4529 298 4594 9
315 4507 372 4583 ala.
390 4513 568 4577 Accusatus
580 4510 621 4576 de
636 4510 717 4577 inut.
732 4510 809 4599 stip.
824 4525 857 4576 et
872 4510 906 4575 in
921 4512 955 4577 L.
973 4533 999 4574 1.
1010 4509 1047 4575 ff.
1063 4510 1104 4576 de
1117 4510 1199 4579 Nor.
1218 4527 1278 4580 etc.
1395 4504 1410 4529 ”
