4509 5875
628 683 874 760 nnsronno
899 685 962 756 an
983 685 1151 775 Qunss.
1176 687 1318 758 sunm.
1605 687 1653 779 49

285 875 418 956 virum
437 893 477 956 et
503 905 673 960 uxorem
689 883 980 990 prohibentur,
1001 913 1052 962 ne
1076 885 1225 966 illicitis
1246 886 1378 964 modis
1402 881 1501 964 alter
1525 882 1648 964 ditior

285 997 419 1099 fieret,
443 1002 661 1106 pauperior
690 999 805 1096 alter3
830 1001 1105 1082 manisfestum
1126 1021 1205 1101 est,
1229 1032 1379 1084 cessam
1407 1009 1649 1112 probibitio·

284 1147 380 1198 nem
405 1122 439 1199 si
466 1148 515 1200 ex
540 1121 757 1201 donatione
778 1120 842 1199 vel
865 1149 971 1201 unus
1000 1150 1084 1202 non
1112 1124 1180 1202 fiat
1211 1122 1353 1225 ditior,
1380 1128 1445 1205 vel
1474 1157 1560 1208 non
1583 1129 1671 1210 fiat·

284 1239 383 1320 alter
401 1243 618 1348 pauperior
635 1231 692 1347 (r)
711 1269 720 1319 ε
739 1257 960 1350 utrumque
979 1243 1090 1321 enim
1110 1242 1248 1322 adesse
1275 1260 1446 1350 oportet
1467 1248 1540 1326 Ast
1563 1248 1651 1328 fieri

283 1387 367 1442 non
393 1388 510 1470 posse
535 1361 794 1462 arbitramur,
817 1380 865 1444 ut
887 1363 938 1444 ab
959 1391 1043 1444 uno
1062 1365 1106 1444 in
1124 1365 1251 1445 alium
1274 1363 1493 1447 donatione
1517 1366 1651 1447 domi-

282 1487 399 1566 nium
418 1485 548 1584 abeat,
569 1487 672 1597 quin
688 1503 907 1598 utrumque
926 1490 1151 1568 necessario
1176 1488 1296 1587 adsit,
1321 1489 1498 1598 ideoque
1516 1517 1651 1570 exem·

282 1607 350 1714 pla
361 1608 442 1690 buc
449 1612 666 1714 spectantia
679 1627 719 1689 et
729 1610 880 1719 quibus
890 1610 1087 1717 probatur
1097 1599 1650 1710 validamessedonationem,

282 1731 316 1808 si
338 1728 402 1810 vel
425 1727 581 1808 donans
603 1755 687 1808 non
708 1729 778 1806 fiat
799 1731 1036 1837 pauperior,
1055 1729 1120 1812 vel
1143 1729 1377 1812 donatarius
1396 1734 1481 1810 no'n
1500 1734 1570 1812 fiat
1590 1735 1651 1812 lo·
1785 1755 1791 1764 ·

283 1850 504 1957 cupletior,
534 1851 600 1931 bic
628 1851 777 1932 referre
807 1879 1102 1960 supervacuum
1131 1870 1254 1956 esset,
1287 1880 1418 1963 quum
1444 1855 1488 1934 in
1508 1881 1653 1934 eorum

283 1973 442 2079 singulo
472 1974 536 2054 vel
563 2001 649 2053 non
675 1972 893 2052 adonante
921 1971 1149 2082 dominium
1172 1971 1306 2073 abeat,
1333 1974 1399 2052 vel
1417 1974 1451 2052 si
1479 1973 1531 2052 ab
1561 1975 1650 2081 ipso
1760 1978 1764 1984 ’

285 2095 431 2174 abierit
446 2097 490 2176 in
504 2095 862 2176 donatarium-non
879 2094 1140 2174 transferatur
1156 2095 1223 2202 (a).
1233 2093 1651 2175 Praeterdonationem

283 2234 417 2302 autem
436 2246 576 2298 omnes
596 2218 663 2296 alii
683 2219 788 2296 inter
811 2215 1002 2324 conjuges
1022 2217 1112 2295 initi
1138 2233 1366 2296 contractus
1389 2217 1557 2295 omnino
1582 2244 1653 2295 va·

284 2338 390 2440 lent,
404 2341 481 2418 nisi
501 2341 544 2419 in
567 2337 751 2412 fraudem
768 2337 1056 2436 prohibitionis
1074 2335 1165 2414 facti
1187 2337 1358 2439 fuerint,
1375 2338 1430 2414 ita
1450 2352 1498 2414 ut
1517 2335 1653 2443 potius
1728 2390 1732 2397 -

284 2485 361 2569 pro
382 2454 671 2538 donationibus
696 2478 817 2562 quam
839 2477 913 2558 pro
936 2449 1023 2532 aliis
1045 2449 1319 2530 contractibus
1339 2455 1516 2530 habendi
1543 2458 1652 2533 sint:
1789 2526 1793 2534 ,

179 2595 187 2606 “
282 2597 379 2690 puta
402 2583 436 2658 si
462 2578 650 2686 conjuges
674 2565 951 2657 venditionem
977 2571 1270 2669 simulaverint,
1291 2574 1467 2681 pretium
1486 2575 1653 2683 quidem

284 2697 497 2782 statuendo
515 2698 586 2778 sed
601 2696 703 2778 adeo
724 2694 821 2796 vile,
839 2712 886 2775 ut
898 2695 1034 2802 potius
1051 2692 1196 2772 umbra
1215 2695 1335 2803 pretii
1352 2695 1406 2773 sit
1420 2721 1545 2803 quam
1560 2723 1653 2803 pre·

284 2827 388 2904 tium
407 2823 550 2903 mercis
570 2819 697 2900 valori
717 2819 1086 2926 proportionatum,
1104 2843 1191 2897 non
1209 2815 1342 2899 valere
1361 2815 1405 2898 id
1423 2815 1538 2928 quod
1556 2844 1654 2898 con-

223 3038 230 3049 ,
282 2947 395 3055 juges
418 2961 605 3053 egerunt,
625 2959 781 3025 certum
798 2956 868 3021 cst

341 3207 493 3289 Contra
509 3186 577 3282 alii
596 3200 668 3312 qui
687 3225 761 3308 per
778 3224 820 3277 se
839 3198 1046 3305 incapaces
1061 3212 1173 3299 sunt,
1191 3224 1241 3277 ex
1254 3204 1341 3304 lege
1354 3214 1424 3278 aut
1434 3224 1484 3279 ex
1496 3200 1652 3280 domini

284 3332 491 3413 voluntate
507 3353 671 3436 capaces
690 3322 783 3404 facti
801 3338 915 3419 sunt;
933 3321 994 3400 uti
1012 3336 1170 3401 tutores
1189 3338 1231 3401 et
1248 3338 1452 3403 curatores
1464 3324 1509 3402 in
1528 3321 1652 3401 rebus

285 3454 535 3568 pupillorum
556 3467 597 3529 et
616 3450 822 3527 minorum
833 3444 1132 3548 contrahentes,
1145 3444 1296 3556 quibus
1309 3448 1368 3527 rei
1383 3446 1546 3527 mobilis
1556 3446 1650 3523 alie.

286 3580 395 3658 natio
413 3574 520 3655 licita
533 3589 608 3669 est,
618 3569 742 3650 modo
757 3596 841 3649 non
859 3566 927 3647 liat
943 3565 1171 3648 donationis
1189 3569 1325 3671 causa,
1340 3566 1559 3649 immobilis
1567 3593 1655 3679 pon

286 3699 402 3780 aliter
417 3694 589 3805 quamsi
604 3693 812 3773 decretum
825 3678 1079 3796 magistratus
1091 3689 1262 3769 accedat
1276 3688 1400 3792 Quod
1410 3716 1460 3770 ex
1472 3689 1653 3767 oratione

286 3820 382 3901 Divi
407 3818 543 3899 Severi
567 3816 611 3895 in
638 3816 788 3895 Senatu
809 3802 990 3909 recitati,
1013 3827 1054 3889 et
1078 3810 1166 3919 lege
1194 3839 1209 3891 1
1233 3810 1273 3891 ff.
1295 3810 1346 3889 de
1370 3810 1454 3890 reb.
1476 3835 1558 3888 eor.
1578 3809 1651 3917 qui

243 4018 248 4028 .
291 3941 368 4021 sub
394 3955 467 4020 tut„
496 3954 568 4017 etc.
599 3935 752 4045 prolati
779 3933 1039 4034 deduximus,
1065 3934 1179 4042 cujus
1203 3931 1377 4042 proinde
1405 3931 1530 4012 verba
1559 3957 1650 4011 sen·

292 4090 463 4172 sumque
490 4059 627 4168 paucis
647 4058 860 4165 explicare,
881 4086 966 4140 non
985 4056 1129 4140 inutile
1147 4057 1214 4136 hic
1234 4055 1322 4137 fore
1341 4054 1592 4138 arbitramur.

337 4342 386 4434 (1)
406 4342 442 4411 L.
456 4341 488 4411 5.
505 4351 522 4421 s
540 4340 579 4408 16
593 4338 630 4407 tt.
649 4336 724 4408 aod.

339 4506 387 4595 (a)
408 4507 447 4575 V.
470 4504 659 4571 Manantes
682 4500 733 4568 ad.
751 4500 798 4567 tit.
816 4498 852 4565 li.
867 4498 910 4565 de
923 4498 1003 4564 don.
1017 4496 1077 4563 int.
1092 4496 1152 4563 vir.
1168 4511 1201 4563 ct
1215 4518 1269 4562 ux.
1284 4506 1300 4575 s
1313 4518 1335 4586 7
1350 4512 1384 4565 at
1400 4499 1440 4609 8..

507 4631 551 4699 11.
1427 4642 1447 4713 7
