4509 5875
545 782 548 785 Α
610 650 1137 793 nnsrouuoanouasr.
1163 704 1307 776 suurn.
1586 708 1629 803 7³

324 897 376 973 Et
391 893 559 1005 quidem
579 896 780 1004 imprimis
802 900 922 1005 hujus
944 899 1043 1004 legis
1064 917 1136 979 art.
1156 902 1207 983 26
1225 904 1421 1010 scriptum
1438 920 1513 1007 est,
1530 921 1635 985 tran

267 1008 529 1123 scriptionem
560 1018 603 1095 in
635 1018 924 1097 transferendis
952 1020 1227 1100 immobilium
1254 1022 1632 1137 dominiisrequiri,

267 1138 402 1250 neque
419 1138 589 1216 dominii
607 1138 909 1217 translationem
918 1139 991 1218 ulli
1005 1143 1159 1247 opponi
1177 1168 1294 1248 posse
1313 1146 1365 1225 ab
1386 1151 1634 1258 acquirente,
1739 1156 1741 1161 '

266 1261 345 1339 nisi
359 1258 660 1365 transcriptioni
678 1256 791 1338 locus
808 1257 940 1338 luerit.
994 1260 997 1265 ’

314 1482 476 1565 Deinde
499 1502 571 1565 art
599 1422 809 1568 ,emma
835 1485 946 1567 haud
967 1486 1109 1567 dubiis
1124 1487 1287 1591 delinit,
1307 1492 1372 1600 jus
1395 1493 1565 1575 dominii
1582 1495 1634 1576 ab

267 1630 352 1684 uno
372 1606 417 1683 in
435 1604 565 1685 alium
586 1632 672 1685 non
691 1608 770 1687 nisi
792 1609 1101 1714 transcriptione
1118 1608 1218 1689 facti
1236 1612 1347 1693 abire
1371 1615 1540 1719 intelligi
1566 1618 1634 1721 (1).

321 1832 423 1934 Quae
450 1831 485 1911 si
512 1831 632 1929 simul
662 1858 827 1942 unoque
858 1850 1077 1941 conspectu
1103 1836 1422 1941 perpendantur,
1448 1857 1633 1946 apparet,

268 1954 586 2061 transcriptionis
609 1981 701 2037 non
729 1954 839 2035 hunc
864 1953 1123 2035 solummodo
1153 1954 1340 2035 effectum
1367 1958 1466 2035 olim
1492 1957 1633 2057 fuisse,

268 2090 316 2154 ut
331 2076 379 2153 ed
386 2074 590 2162 mediante
602 2075 655 2154 ab
668 2076 906 2185 hypothecis
924 2074 1148 2155 immobilia
1161 2094 1454 2186 purgarentur,
1469 2078 1542 2159 scd
1560 2105 1637 2187 po·

265 2197 413 2275 tiorem
432 2199 511 2304 ipsi
528 2200 613 2277 rim
632 2226 861 2295 concessam
879 2225 985 2301 esse,
1006 2214 1055 2276 ut
1075 2224 1223 2305 nempe
1246 2198 1519 2279 immobilium
1537 2226 1634 2306 pro·
1678 2250 1682 2261 ·

265 2319 417 2423 prietes
433 2346 520 2399 non
547 2321 735 2397 nurshta
753 2320 1067 2419 intelligeretur,
1088 2320 1167 2399 nisi
1195 2321 1480 2417 intervenerit,
1494 2336 1540 2397 et
1560 2317 1634 2397 do-

199 2447 209 2461 “
266 2464 343 2516 nec
361 2439 645 2540 intervenerit,
657 2464 766 2539 rem,
783 2438 858 2515 etsi
875 2435 958 2543 jam
977 2437 1022 2514 in
1040 2435 1126 2543 ejus
1140 2437 1422 2519 alienationem
1445 2439 1635 2521 dominus

232 2588 236 2593 ⁴
267 2560 553 2658 consensisset,
571 2560 658 2637 aliis
679 2575 817 2637 tomen
841 2558 892 2637 ab
912 2561 1001 2663 ipso
1021 2556 1154 2637 valide
1165 2558 1351 2656 alienari,
1371 2558 1633 2666 hypothecari

265 2675 398 2757 adhuc
426 2704 561 2786 posse,
588 2678 740 2787 quibus
770 2706 896 2785 porro
923 2705 976 2758 ex
997 2693 1078 2757 'art
1109 2678 1161 2761 26
1194 2683 1348 2789 opponi
1372 2680 1558 2763 atemuo
1591 2682 1634 2760 in

267 2794 456 2882 aennon
483 2800 608 2881 relata
630 2827 717 2881 non
739 2816 899 2907 poterat
919 2802 935 2906 (
959 2799 986 2903 ).

318 3011 371 3085 Et
398 3011 579 3111 profecto
608 3036 704 3078 sana
726 3009 809 3086 haee
835 3010 935 3105 legis
964 3010 1199 3089 constitutio
1227 3027 1311 3106 est,
1339 3011 1512 3115 sapienti
1539 3037 1636 3118 pru·

269 3124 406 3208 dentiai
425 3126 671 3234 praescripta,
698 3121 781 3232 qut
798 3119 1010 3202 hominum
1029 3122 1192 3202 fraudes
1212 3125 1379 3205 occultis
1402 3129 1557 3208 actibus
1581 3133 1636 3226 laq

268 3250 430 3328 titantes
457 3252 715 3347 avertuntur,
738 3244 819 3355 quai
840 3239 1031 3323 omnibus
1055 3260 1200 3324 notum
1220 3245 1284 3346 fit,
1304 3245 1417 3356 quod
1447 3247 1636 3354 ignoran.

270 3360 381 3450 tibus
399 3366 537 3447 damni
551 3391 636 3445 esse
655 3382 800 3470 posset.
819 3367 876 3444 Ut
888 3392 1101 3444 eccetcum
1121 3367 1431 3474 transcriptione
1451 3369 1636 3448 omnium

273 3491 505 3599 conspectui
533 3486 774 3596 patefactum
800 3503 880 3585 est,
913 3484 1087 3595 aliquem
1118 3515 1207 3567 rem
1236 3491 1357 3570 suum
1385 3488 1637 3592 vendidisse,

269 3609 406 3694 nullus
424 3598 484 3690 est
505 3637 630 3719 quem
646 3608 713 3688 hic
734 3611 778 3688 in
798 3632 981 3687 errorem
1003 3606 1149 3688 ducere
1175 3607 1272 3690 dolo
1296 3609 1402 3690 malo
1432 3610 1572 3718 possit,
1591 3626 1638 3690 ut

271 3761 359 3815 rem
387 3729 472 3842 ejus
502 3759 626 3843 quam
651 3732 735 3838 jam
758 3728 964 3829 vendidit,
994 3746 1035 3810 et
1066 3730 1180 3840 cujus
1202 3731 1375 3840 proinde
1407 3730 1636 3814 dominium

317 3993 367 4079 (ι)
389 3991 616 4080 Artn81egia
640 4010 677 4056 tr
700 3991 813 4058 nrum.
831 3991 878 4056 ita
893 3991 1105 4081 mucipitur:
1122 3991 1159 4056 la
1174 3992 1559 4080 tmmrriptionpmenie
1573 4013 1640 4078 par
1725 4019 1752 4046 υ

275 4097 357 4176 tart.
374 4096 416 4161 νδ
431 4093 618 4165 renuat
633 4093 826 4188 lacque'reur
839 4094 883 4162 Ias
898 4096 998 4164 droits‘
1011 4118 1073 4188 qus
1087 4096 1118 4161 le
1134 4095 1276 4164 vmdeur
1285 4096 1383 4166 avait
1393 4093 1416 4160 ὰ
1428 4094 1464 4160 Ia
1475 4092 1638 4187 propriis&

275 4199 567 4268 nemetae

320 4391 370 4481 (a)
390 4391 560 4457 Tum
572 4388 710 4479 (lepris.
726 4391 850 4478 et'hyp.
866 4405 945 4456 tom.
965 4389 1085 4480 a,‘enp.
1102 4413 1138 4472 a,
1154 4401 1232 4457 aeut·
1250 4395 1314 4472 1‚§
1331 4389 1367 4472 3,
1384 4409 1517 4472 nstra,
1529 4391 1636 4457 iden·

279 4493 722 4585 quetom.r,cap.3,sect.
742 4491 999 4574 t,56,n.146.
1133 4519 1136 4524 ·

446 4622 490 4689 11.
1333 4617 1334 4620 ‘
1426 4641 1469 4688 ιο
1551 4579 1556 4586 ’
