4509 5875
610 613 656 686 ss
731 643 732 646 κ
827 707 836 722 .
963 617 970 624 ·
1174 617 1476 702 srsrnrs,

1216 761 1351 896 §ru

664 991 797 1097 Opera
826 1001 1028 1097 reportata
1052 1012 1075 1074 a
1100 985 1281 1068 Custode
1310 991 1355 1067 in
1375 988 1520 1069 eodem
1538 982 1645 1071 libro
1663 989 1840 1074 notanda
1857 1011 1973 1096 sunt,

609 1111 763 1222 adjecto
789 1110 855 1193 die
884 1111 1151 1193 restitutionis
1178 1111 1436 1222 nominisque
1464 1111 1772 1222 subscriptione.

1232 1297 1353 1404 §'1v;

661 1490 850 1579 Retinere
881 1513 1015 1578 autem
1055 1495 1184 1577 libros
1212 1495 1471 1576 Bibliotheeoe
1508 1524 1584 1606 per
1618 1513 1752 1578 totum
1787 1515 1978 1578 semestre
2052 1569 2057 1580 ,

607 1641 768 1730 tempus
803 1620 916 1726 licet,
945 1622 1023 1700 nisi
1061 1621 1163 1700 alius
1197 1645 1247 1735 err
1280 1618 1577 1733 Professoribus
1607 1617 1770 1700 eosdem
1804 1621 1976 1728 petierit

609 1745 734 1847 Quod
763 1745 806 1825 si·
828 1743 978 1824 factum
1018 1742 1167 1848 fuerit,
1201 1741 1402 1824 reddendi
1439 1759 1537 1823 sunt
1575 1743 1682 1822 intra
1720 1740 1978 1823 dimidiatum

607 1895 788 1948 mensem
807 1866 1049 1972 abiudicati
1068 1867 1330 1975 repetitione,
1351 1869 1385 1945 si
1404 1868 1563 1974 primns
1582 1866 1731 1946 mensis
1747 1864 1831 1974 jam
1856 1863 1981 1946 fuerit

490 2097 495 2100 -
608 1991 785 2098 elapsus3
812 1990 875 2068 sin
898 1989 1053 2087 minus,
1069 2015 1140 2067 sex
1168 1989 1277 2070 intra
1302 1989 1545 2098 septimanus
1573 1988 1626 2069 ab
1650 2015 1699 2070 eo
1724 1986 1792 2070 die
1821 2015 1906 2097 quo
1928 2015 1982 2070 ex

608 2110 857 2194 Bibliotheot
878 2127 974 2194 sunt
997 2109 1177 2192 exhibiti.
1612 2127 1623 2136 ·

1166 2305 1355 2403 ‚wi
1448 2259 1451 2263 ’

665 2496 815 2578 Ultima
834 2497 955 2577 nnius
978 2437 1174 2605 cujusque
1196 2493 1399 2574 semestris
1421 2495 1617 2602 temporis
1640 2491 1859 2601 septimane
1882 2447 1981 2572 libri

613 2649 753 2702 omnes
774 2647 819 2701 ec
837 2617 985 2725 singuli
1008 2619 1051 2697 in
1069 2616 1359 2698 Bibliothecam
1382 2633 1478 2697 sunt
1506 2615 1764 2725 reportandi,
1783 2613 1894 2696 unde
1914 2643 1981 2696 se·

613 2743 744 2823 cundd
770 2741 934 2822 demum
957 2739 1149 2818 feriarum
1175 2736 1451 2841 hebdomade,
1478 2741 1709 2846 prescripto
1741 2743 1768 2840 §
1794 2739 1813 2817 I
1837 2738 1982 2818 obser·

612 2882 729 2965 veto,
747 2864 875 2972 repeti
895 2877 1075 2971 possunt
1127 2927 1132 2938 .
1232 2968 1259 3063 §
1286 2963 1343 3043 VI

665 3162 878 3251 Terminis
892 3182 1013 3266 supra
1035 3154 1221 3238 indicatis
1244 3156 1386 3265 elapsis
1408 3182 1483 3237 nee
1502 3154 1618 3235 libris
1642 3140 1984 3251 aProfessoribus

612 3282 783 3378 redditis
806 3279 995 3367 Custodis
1021 3297 1082 3361 est
1106 3307 1175 3360 eos
1203 3276 1431 3359 admonere.
1462 3277 1587 3380 Quod
1614 3279 1647 3359 si
1671 3281 1776 3358 inem
1802 3294 1983 3388 quatuor

615 3406 701 3485 dies
718 3404 769 3486 uh
788 3404 861 3491 hee
879 3404 1154 3499 admonitione
1173 3402 1250 3509 legi
1258 3400 1446 3482 nondum
1462 3399 1737 3507 satisfecerint,
1744 3428 1826 3511 pro,
1839 3402 2002 3511 quiris,

614 3528 804 3609 ulteriore
825 3527 1099 3625 admonitione
1118 3542 1264 3638 quarto
1285 3551 1454 3635 quoque
1474 3523 1539 3603 die
1563 3522 1782 3630 repetendis
1798 3520 1984 3629 Custodi

615 3650 792 3733 florenus
820 3676 897 3759 pro
923 3652 1064 3732 Museo
1087 3647 1331 3733 Aoedemico
1353 3644 1570 3728 solvendus
1590 3660 1661 3721 est.
1685 3638 1689 3649 “

1166 3830 1368 3968 ΜΠ.

628 4004 726 4117 'Ex
752 4022 999 4105 Bibliotheod
1028 4026 1196 4106 omnino
1225 4006 1419 4131 asportari
1441 4045 1525 4101 non
1551 4032 1723 4125 possunt
1750 4032 1832 4095 tem
1856 4040 1979 4123 opere

518 4208 519 4213 ,
613 4148 764 4258 majora
792 4166 832 4229 et
860 4148 1078 4255 generalia,
1097 4175 1187 4259 quse
1210 4145 1261 4226 sd
1283 4141 1552 4224 evolvendum
1575 4140 1796 4249 unicuique
1819 4164 1979 4245 semper

613 4289 827 4383 suppetere
839 4260 1009 4371 debent,
1031 4287 1078 4350 ut
1090 4267 1208 4349 Libri
1221 4252 1535 4374 Bibliogruphici
1553 4324 1564 4368 ,
1583 4262 1805 4364 Thesauri,
1834 4254 2002 4371 Lexica'

611 4394 763 4505 Majors
784 4412 879 4496 ete,
898 4422 1023 4505 qnam
1054 4420 1176 4502 opera
1204 4388 1415 4500 splendida
1430 4406 1484 4469 ‘et
1500 4389 1812 4505 pretiosa,·cum
1837 4383 1976 4489 figuris

513 4549 516 4563 ¹
614 4519 681 4601 aeri
707 4518 843 4601 incisis
874 4518 967 4618 ete.;
987 4540 1165 4628 quorum
1185 4510 1401 4621 Catalogus
1419 4521 1483 4595 'est
1503 4506 1789 4593 conficiendus.
1813 4502 1973 4607 Quodsi
