4509 5875
624 627 654 740 ⁸..
903 714 908 721 ¹
971 624 1470 721 rotumsnarrrsrn
1493 624 1681 735 notre

621 838 759 903 autem
776 820 978 903 chemicas
995 823 1241 905 mutationes
1260 824 1505 923 materialem
1524 844 1618 920 oum
1643 818 1860 931 conceptus
1881 827 1989 905 unio

622 947 687 1023 nis
710 945 971 1051 bomogoneae
995 971 1156 1054 semper
1174 946 1491 1054 comprehendat
1505 963 1752 1053 conceptum
1767 946 1994 1025 mutationis

622 1069 859 1165 materialis,
882 1070 1106 1149 necessario
1127 1071 1329 1176 sequitur,
1344 1069 1684 1175 compositionem
1702 1067 1994 1176 homogeneam

618 1193 705 1269 sine
724 1192 1025 1296 compositione
1036 1189 1221 1271 ehcmied
1245 1214 1333 1269 non
1360 1190 1540 1269 existere.

667 1436 859 1513 Attamen
879 1460 974 1513 cum
995 1437 1130 1513 omnis
1146 1436 1316 1511 materia
1335 1436 1444 1513 iners
1461 1436 1529 1530 sit,
1552 1450 1593 1512 et
1611 1434 1714 1513 nibil
1734 1436 1780 1513 in
1798 1450 1904 1513 statu
1917 1460 1993 1515 suo

558 1582 565 1589 ·
616 1571 762 1660 sponte
784 1557 913 1661 possit
931 1557 1166 1648 immutare,
1188 1556 1282 1630 satis
1301 1570 1425 1659 patet,
1446 1557 1492 1631 in
1513 1554 1627 1631 nulia
1644 1557 1813 1633 materiei
1830 1556 1882 1633 ab
1906 1557 1994 1635 aliis

616 1677 825 1781 segregati
844 1674 1170 1753 vires'chemicas
1191 1701 1372 1783 unquam
1392 1672 1526 1779 detegi
1545 1701 1673 1782 posse.
1695 1678 1804 1754 Dum
1828 1677 1994 1755 matoria
2042 1662 2045 1669 ¹
2102 1716 2105 1725 ·

617 1795 805 1907 quaedam
828 1782 1034 1875 cumaliis
1051 1796 1358 1892 commiscetur,
1383 1811 1482 1873 tunc
1500 1794 1763 1903 ⁴solummodo
1789 1798 1995 1903 prodeunt

535 1908 539 1914 ’
615 1916 800 2016 effecms,
820 1944 896 2026 per
913 1944 1020 2028 qnos
1036 1919 1144 1997 vires
1163 1916 1353 1997 cbemicae
1377 1916 1547 1997 revelari
1567 1918 1734 2023 possint
1756 1916 1994 1998 Generatim

615 2038 785 2139 dicitur,
805 2039 905 2120 dnm
934 2039 1102 2120 diversae
1119 2043 1300 2121 materiae
1319 2043 1360 2121 vi
1374 2038 1555 2120 chemicd
1578 2039 1827 2137 coalescunt,
1852 2042 1994 2119 earnm

613 2157 958 2243 combinationem
976 2163 1088 2242 nulid
1105 2166 1146 2243 vi
1167 2163 1424 2261 mechanica,
1445 2161 1518 2243 sed
1536 2162 1669 2243 solum
1692 2162 1817 2243 modo
1835 2164 1995 2243 viribus

615 2282 807 2364 chemicis
821 2302 891 2363 aut
907 2285 1101 2365 vitalibus
1118 2284 1258 2363 dirimi
1276 2286 1395 2392 posse
1407 2311 1416 2361 t
1427 2284 1542 2392 qnod
1561 2289 1674 2362 omni
1702 2307 1798 2363 casu
1819 2288 1996 2393 practice

614 2431 759 2487 rerum
786 2423 866 2504 est,
893 2400 1092 2515 quanrdiu
1120 2408 1253 2512 agitur
1281 2405 1333 2486 de
1368 2404 1610 2514 corporibus
1634 2406 1995 2514 ponderabilibus3

612 2525 684 2605 sed
706 2528 956 2634 experientia
973 2544 1191 2635 repugnat,
1216 2530 1250 2607 si
1277 2526 1518 2607 extendatur
1546 2527 1597 2618 ad
1627 2512 1923 2626 incoercibilia,
1942 2546 1993 2612 ut

611 2651 855 2728 mutationes
874 2650 1001 2729 statiis
1020 2652 1315 2756 aggregationis
1341 2676 1561 2758 corporum
1582 2653 1676 2731 satis
1700 2650 1989 2731 demonstrant.

662 2892 829 3001 Triplex
855 2908 916 2972 est
941 2894 1052 2971 enim
1074 2910 1202 2971 status
1224 2897 1519 3000 aggregationis
1540 2923 1759 2996 corporum
1783 2896 1991 2998 pondera-

611 3014 779 3111 biliam,
805 3027 902 3091 sunt
930 3007 1117 3120 quaedam
1141 3012 1292 3105 solida,
1323 3015 1401 3086 alia
1427 3012 1610 3119 liquida,
1642 3011 1719 3089 alia
1748 3009 1990 3097 niiriformia.

612 3133 821 3243 Pleraeque
837 3125 1015 3237 materiae
1030 3132 1081 3210 ad
1098 3146 1230 3210 comos
1246 3145 1531 3239 temperaturae
1546 3131 1697 3238 gradus
1711 3159 1761 3214 ex
1780 3161 1866 3218 uno
1884 3135 1992 3218 statu

610 3257 655 3333 in
673 3256 797 3332 alium
818 3253 1136 3352 transferuntur,
1165 3270 1320 3333 etcum
1346 3257 1455 3334 vireo
1480 3253 1668 3336 chomicae
1689 3283 1782 3366 quae
1805 3258 1990 3341 solidita-2

608 3391 694 3454 tem
711 3394 877 3456 causant
894 3379 938 3455 in
956 3377 1100 3456 iisdem
1113 3376 1339 3473 elementis,
1359 3403 1518 3484 semper
1537 3376 1687 3460 εωάεῐη
1707 3382 1807 3478 sint,
1829 3399 1870 3460 et
1883 3408 1989 3462 sem-

611 3525 685 3607 per
700 3497 901 3600 limitata,
918 3500 982 3578 ris
997 3516 1135 3580 autem
1150 3501 1249 3607 ipsis
1267 3501 1452 3608 opposita
1469 3502 1600 3580 minui
1621 3503 1723 3580 etin
1744 3504 1989 3599 immensum

610 3648 788 3702 crescere
809 3621 957 3730 possit;
981 3620 1254 3700 videturesse
1270 3621 1508 3696 unimam
1524 3639 1677 3696 nonar-o
1699 3623 1786 3714 lex,
1805 3642 1986 3728 utquae-

610 3740 712 3820 libet
734 3744 903 3822 materia
927 3740 1058 3820 solida
1085 3742 1138 3818 sit
1163 3736 1267 3815 infra
1293 3753 1457 3820 certum·
1478 3753 1760 3846 temperauere
1791 3739 1985 3846 gradum,

609 3861 767 3972 liquida
785 3889 907 3968 supra
935 3861 1045 3939 hunc
1074 3887 1204 3970 usque
1230 3857 1281 3937 ad
1305 3857 1617 3938 determinatum
1643 3859 1766 3939 alium
1789 3861 1985 3967 gradum,

609 3999 652 4062 et
667 3983 918 4080 conformia,
934 3984 973 4062 ei
993 3981 1102 4065 calor
1121 3982 1231 4064 bum
1254 3980 1425 4088 gradum
1439 4000 1617 4092 superet.-
1639 3985 1690 4064 In
1700 3984 1890 4093 pluribus
1906 3987 1988 4068 boc

608 4105 779 4211 quidam
814 4104 1061 4217 experiendi
1088 4104 1404 4212 comprobatur.‘
1423 4107 1531 4208 Quae
1562 4124 1700 4190 atatem
1728 4136 1888 4219 semper
1918 4127 1989 4200 aut

610 4221 738 4306 solida
765 4244 837 4306 aut
853 4227 1085 4313 auriforme
1104 4254 1148 4308 se
1173 4226 1376 4335 praebent,
1398 4226 1468 4310 illa
1488 4229 1759 4338 probabiliter
1781 4231 1871 4317 talis
1891 4249 1986 4318 suut

610 4343 783 4442 indolis,-
804 4363 852 4426 ut
878 4351 1030 4452 gradus
1054 4349 1197 4435 caloris
1215 4366 1255 4432 et
1275 4347 1453 4457 frigoris,
1477 4351 1529 4436 ad
1549 4379 1661 4464 quos
1679 4356 1852 4440 mutatio
1865 4381 1981 4443 acte.-

611 4466 715 4554 dore.
726 4466 868 4566 debet,
890 4469 936 4550 in
954 4477 1094 4554 noenu
1111 4500 1199 4558 non
1222 4475 1303 4572 siut
1325 4491 1545 4594 potestate.-
