4509 5875
606 620 653 694 92
788 637 793 656 .
1063 599 1123 668 ra.
1150 599 1179 664 r.
1206 563 1503 668 asininam

643 698 657 733 0

606 787 702 842 nem
726 759 889 872 publice
916 755 1124 871 habendi,
1154 785 1244 870 quse
1270 760 1493 873 Academiae
1518 757 1745 869 ¹Annalibus
1772 761 1980 844 inseratur.
2052 773 2059 784 ‘
2232 864 2233 887 Ν

607 887 661 966 Et
690 886 890 966 contineri
918 880 1166 994 quidem-ex
1199 882 1344 963 iisdem
1370 883 1527 989 legibus
1556 880 1624 961 illa
1652 883 1833 963 oratione
1862 885 1984 966 debet
2232 920 2233 983 y

606 1006 743 1087 brevis
771 1007 970 1088 enarratio
1001 1031 1171 1107 eorum,
1198 1033 1289 1114 quae
1314 1030 1422 1084 anno
1452 1021 1613 1114 peracto
1649 1004 1893 1107 acciderint,
1920 1009 1986 1108 cui
2232 992 2233 1003 Ν

606 1127 815 1236 jungenda
841 1144 902 1207 cst
927 1128 1090 1234 praecisa
1117 1125 1178 1209 da
1197 1120 1496 1210 Professoribos
1526 1126 1739 1228 omnibus,
1765 1127 1900 1235 deque
1919 1128 1987 1230 iis,

609 1278 700 1361 quae
724 1249 824 1327 facta
851 1246 1008 1328 abillis
1034 1262 1160 1350 sunt,
1186 1249 1339 1326 notitia.
1367 1248 1480 1328 Licet
1508 1274 1619 1327 nunc
1645 1247 1806 1328 volente
1840 1249 1990 1328 Senatu

540 1399 548 1415 ·
604 1370 847 1452 Academico
873 1371 918 1448 in
937 1396 1091 1450 annum
1110 1370 1414 1480 insequentem,
1437 1371 1547 1478 Rege
1567 1370 1852 1480 augustissimo
1873 1397 1987 1453 com·

608 1490 824 1600 probante,
845 1491 944 1569 mihi
967 1493 1116 1570 iterum
1140 1492 1193 1570 sit
1211 1493 1393 1571 Rectoris
1410 1521 1560 1572 munus
1581 1495 1836 1601 impositum,
1853 1520 1990 1604 neque

610 1643 687 1720 ego
708 1631 922 1723 propterea
941 1611 1044 1692 illud
1065 1614 1219 1720 possim
1243 1613 1326 1722 jam
1355 1615 1399 1694 in
1426 1615 1552 1694 alium
1580 1616 1818 1720 transferre,
1837 1615 1989 1696 debere

609 1751 746 1814 tamen
762 1761 829 1816 mc
855 1732 959 1814 illud
986 1733 1230 1827 existimavi,
1264 1753 1306 1815 et
1322 1736 1497 1844 Principi
1525 1737 1816 1842 benignissimo
1845 1755 1888 1817 et
1914 1765 1990 1816 vo·

610 1855 697 1958 bis,
718 1856 937 1935 Curatores
954 1852 1204 1963 amplissimi,
1226 1853 1480 1964 Collegaeque
1495 1856 1868 1959 astumatissimi,et
1888 1858 1990 1936 mihi

611 1977 779 2061 demum
796 1978 895 2085 ipsi,
911 1993 959 2056 ut
979 1974 1029 2055 dc
1048 1974 1271 2056 Academiae
1290 1993 1436 2057 nostrae
1453 1977 1733 2082 institutione,
1751 2005 1841 2088 quae
1857 1977 1991 2060 adhuc

613 2127 690 2179 nos
717 2125 858 2180 omnes
879 2114 1100 2206 occupatos
1122 2114 1259 2201 tenet,
1288 2100 1361 2180 hnc
1386 2125 1479 2182 mea
1507 2099 1781 2211 qualicunque
1807 2102 1990 2182 oratione

614 2221 733 2302 vobis
750 2221 930 2301 breviter
946 2222 1147 2300 rationem
1164 2220 1343 2301 reddam.

666 2376 870 2486 Equidem
898 2378 1050 2484 optime
1068 2378 1270 2483 perspicio
1288 2364 1394 2482 'legis
1422 2397 1569 2456 nostrae
1596 2383 1863 2482 sententiam,
1901 2409 1993 2492 quae

613 2499 793 2608 precipit
811 2498 1037 2578 orationem
1057 2497 1242 2576 Latinam
1267 2499 1312 2576 in
1334 2498 1436 2577 Auia
1455 2497 1694 2578 Academica
1718 2498 1883 2608 publice
1904 2528 1990 2582 esse

614 2623 829 2703 aRectore
857 2619 1112 2721 habendam,
1145 2620 1265 2699 etiam
1295 2617 1406 2698 illam
1431 2617 1573 2714 fuisse,
1605 2637 1652 2702 ut
1683 2621 1776 2700 dats
1806 2621 1880 2701 hac
1916 2650 1992 2731 ορ·

613 2746 861 2852 portunitate
884 2744 1012 2820 oratio
1037 2740 1254 2844 habeatnr,
1276 2741 1468 2820 omnibus
1484 2743 1665 2823 numeris
1681 2743 1883 2848 absolute,
1903 2774 1995 2855 quac

618 2863 739 2971 digna
758 2865 830 2965 sit,
848 2879 896 2942 ut
920 2860 1151 2969 exemplum
1181 2877 1453 2968 proponatur,
1480 2861 1602 2975 digna
1624 2866 1730 2944 -item
1756 2866 1997 2971 Academici,

618 2985 684 3063 cui
711 3008 785 3091 per
804 2984 900 3059 anni
927 2984 1101 3086 spatium
1118 2982 1302 3062 Rectoris
1322 3008 1493 3065 munero
1518 3002 1605 3064 erut
1622 2986 1997 3093 praefcotm·,·cujus

618 3132 700 3213 que
721 3104 829 3182 vices
857 3127 974 3206 agere
1003 3098 1175 3177 solemni
1204 3097 1283 3177 hoc
1309 3090 1518 3185 momento
1546 3096 1691 3208 debet3
1716 3104 1789 3183 sed
1817 3108 1997 3211 ingenue

617 3224 812 3335 profiteor
840 3222 1079 3329 eloquentius
1102 3243 1200 3302 meae
1230 3216 1572 3321 mediocritatem,
1600 3222 1682 3327 qui
1704 3222 1798 3303 'fieri
1824 3229 1893 3307 vix
1919 3254 1997 3336 po.

618 3365 720 3457 tept,
735 3364 783 3429 ut
799 3345 1006 3455 provincia
1025 3342 1105 3422 haec
1121 3342 1355 3449 gravissima
1376 3338 1599 3451 eademque
1629 3340 1865 3428 difficillima
1887 3349 1994 3457 iuste
2046 3384 2050 3391 ·

622 3471 728 3561 ime
748 3469 1065 3569 administretur,
2065 3468 2073 3481 ’

671 3628 873 3731 Quocirca
884 3652 959 3705 mc
976 3627 1021 3705 in
1039 3625 1110 3728 iis,
1129 3647 1219 3735 quc
1235 3621 1368 3705 adhuc
1382 3622 1480 3705 ficta
1499 3626 1857 3736 sunt,simpliciter
1877 3639 1995 3713 enir-

621 3748 757 3831 rcndis
786 3746 909 3827 hodie
933 3744 1176 3844 contineb03
1203 3764 1334 3856 utque
1353 3774 1402 3826 ex
1430 3749 1479 3826 iis
1507 3749 1605 3855 ipsis
1629 3750 1737 3829 ultra
1762 3753 1995 3861 apparebit,
2055 3750 2059 3759 ’

622 3898 713 3983 quoe
736 3868 915 3951 facienda
932 3868 1054 3949 nobis
1079 3884 1250 3971 restent,
1281 3887 1561 3980 quantumque
1597 3870 1732 3954 'adhuc
1766 3874 1818 3955 ab
1853 3894 1998 3987 optato

622 3991 879 4101 perfectionis
896 3988 1052 4096 fastigio
1073 3992 1199 4071 simus
1218 3994 1372 4072 remoti.
1401 3994 1504 4096 Quae
1519 4011 1657 4075 tamen
1682 4022 1748 4076 res
1764 4022 1859 4078 cum
1876 4026 1952 4080 nec
1972 4000 1996 4081 ὲ

624 4116 807 4194 Rectoris
826 4139 1015 4216 munere,
1035 4140 1127 4223 quo⁸
1148 4110 1318 4221 fungor,
1337 4143 1471 4228 neque
1490 4144 1514 4195 a
1535 4119 1677 4197 vestris
1698 4120 1874 4212 consiliis
1894 4122 1995 4203 mihi

625 4232 810 4315 videatur
837 4233 1076 4339 abhorrere,
1105 4259 1177 4315 vos
1204 4236 1326 4323 etiam
1357 4252 1476 4351 atque
1495 4240 1615 4348 etiam
1641 4268 1764 4349 rogo,
1794 4260 1842 4322 ut
1870 4244 1994 4324 rebus

626 4354 737 4437 ime
766 4357 978 4439 narrandis
1007 4350 1124 4469 acqu'o
1150 4356 1286 4438 animo
1322 4360 1458 4446 adsitis
1477 4363 1752 4477 ,dicentique
1789 4364 1889 4447 mihi
1923 4366 1995 4447 be·

583 4472 586 4479 ’
630 4481 790 4563 nevolas
809 4480 941 4566 velitis
958 4509 1073 4563 aures
1093 4470 1281 4590 praebere.
1340 4475 1344 4483 ⁴
