4509 5875
817 655 1019 750 onusto.
1576 651 1622 726 a:

263 861 315 914 ne
347 833 656 922 debilitarentur
682 833 900 916 laudabilia
926 837 1122 945 juvenum
1152 833 1306 939 stadia,
1334 837 1405 917 sed
1431 836 1555 916 animi
1582 837 1636 916 iis

263 957 511 1036 adderentur
528 957 578 1038 ad
593 958 817 1067 supplenda
834 987 896 1057 ea,
911 987 1002 1068 quae
1014 957 1066 1040 ud
1084 946 1444 1068 justumdoctrinae
1461 957 1633 1039 modum

265 1082 481 1192 Latinique
505 1079 951 1162 sermonisbonitatem
990 1081 1121 1162 adhuc
1158 1081 1295 1162 deesse
1329 1080 1542 1186 videntur,
1579 1083 1637 1160 in·
1690 1099 1694 1108 ·

262 1205 500 1310 scriptiones
531 1221 637 1282 certe
676 1203 843 1282 honoris
883 1204 997 1282 causi
1037 1203 1202 1311 publice
1242 1229 1327 1284 esse
1364 1203 1639 1313 prelegendas

264 1322 467 1404 duxerunt
487 1325 655 1406 Ordinis
678 1323 940 1406 Professores.
1649 1337 1652 1341 ’

317 1535 452 1614 Altera
482 1538 605 1643 igitur
631 1563 772 1618 carum
799 1541 842 1618 in
870 1537 1001 1618 fronte
1031 1536 1153 1618 habet
1173 1539 1376 1619 Bonisavu
1394 1533 1530 1617 illud:

372 1747 414 1826 E
415 1749 537 1826 uvaia
558 1775 660 1828 cous
680 1777 744 1829 me
754 1753 935 1859 srappez
957 1745 1055 1828 d’un
1070 1775 1143 1827 son
1160 1746 1407 1842 medieas,

374 1867 422 1950 Si
439 1870 475 1948 le
497 1872 619 1952 terme
637 1891 696 1952 cst
713 1876 910 1983 improprie
925 1901 979 1952 ou
999 1873 1035 1951 le
1052 1890 1144 1952 tour
1159 1873 1327 1952 eceterae.

321 2060 458 2142 Altera
484 2063 563 2144 hoc
584 2045 794 2148 Houunrco
816 2092 937 2148 versu
956 2083 1015 2146 est
1032 2065 1254 2173 inscripta:

431 2251 518 2329 frere
538 2270 599 2354 γὰρ
619 2273 721 2338 annu
740 2274 830 2354 sps
851 2276 942 2330 scaev
960 2273 996 2336 at
1014 2276 1153 2334 σειιιησ.

681 2390 776 2497 ,Epci
795 2394 940 2472 t’oitvee
957 2429 993 2472 τι
1012 2403 1107 2496 picus
1127 2427 1164 2469 τε

431 2541 601 2616 Kalliterai.
647 2613 650 2620 ,

326 2745 467 2856 Itaque
492 2771 653 2855 sperare
682 2743 803 2826 nobis
834 2745 954 2847 lieet,
984 2743 1149 2824 cosdem
1174 2739 1437 2850 discipulos
1424 2773 1468 2824 ιιι
1498 2745 1643 2826 eodem

273 2887 420 2977 genere
453 2869 621 2979 posthac
649 2867 791 2979 majori
823 2897 915 2950 curu
949 2894 1136 2950 successu
1157 2894 1243 2949 esse
1264 2869 1580 2976 periclitaturos,
1597 2887 1645 2952 ut

275 2994 446 3075 victores
473 2996 628 3105 possint
655 2992 895 3073 renunciari

326 3186 422 3261 Non
449 3185 598 3259 minori
629 3182 792 3266 fortuna
813 3208 910 3261 usus
937 3198 997 3262 est
1023 3181 1125 3263 ordo
1146 3153 1545 3281 iureconsultum,
1570 3186 1644 3294 qni

275 3304 458 3415 quinque
477 3301 528 3380 a'd
547 3300 730 3381 eamdem
750 3306 1016 3413 questionem
1028 3306 1335 3385 Dissertationes
1346 3308 1529 3412 accepit
1556 3306 1647 3387 doc·

277 3428 383 3506 trini
407 3442 448 3505 et
471 3423 675 3504 scribendi
699 3424 883 3506 facultate
906 3426 998 3535 plus
1018 3430 1202 3507 minusve
1221 3424 1580 3522 commendabiles3
1598 3446 1646 3509 ut

260 3534 766 3654 'difficileiicretjudiciurn
779 3608 789 3646 ,
802 3550 849 3628 ac
862 3548 913 3629 de
932 3546 1091 3635 duabus
1108 3551 1363 3659 potissimum
1379 3546 1532 3628 diutius
1545 3546 1645 3629 fluc-

277 3686 436 3755 tuerent
467 3668 587 3777 hujus
613 3669 782 3750 Ordinis
800 3670 1066 3781 Professores,
1084 3673 1167 3752 utri
1195 3673 1248 3751 sit
1276 3670 1486 3781 premium
1507 3670 1646 3753 decer·
1686 3714 1692 3725 ·

278 3792 469 3872 nendum.
488 3792 591 3871 Nam
610 3810 750 3874 auctor
768 3794 1021 3904 scriptionis,
1039 3797 1104 3877 cui
1119 3793 1327 3905 prefixum
1344 3810 1404 3876 est
1416 3794 1516 3876 illud
1530 3794 1646 3878 Cicu-

282 3942 397 3995 norus
418 3913 600 3993 dictum:

334 4072 473 4169 Honos
498 4086 577 4169 alit
603 4109 709 4195 artes
733 4122 944 4207 omnesque
971 4093 1238 4177 incenduntur
1261 4092 1322 4177 ad
1344 4094 1478 4178 studio
1500 4096 1647 4204 gloria
1775 4160 1780 4170 ,

283 4283 327 4361 in
370 4299 607 4401 argumento
644 4288 807 4396 copiose
850 4289 1091 4392 tractando,
1133 4291 1371 4403 exquisitam
1406 4315 1518 4369 suam
1553 4290 1648 4395 doc·
1747 4258 1751 4265 Ι

282 4406 429 4484 trinam
452 4424 493 4485 et
516 4394 722 4514 judicandi
750 4409 975 4492 facultatem
1003 4416 1160 4520 egregie
1186 4412 1420 4523 explicavit,
1446 4439 1490 4493 ao
1518 4415 1552 4494 si
1580 4442 1649 4518 ea,

286 4556 375 4637 quae
395 4558 444 4612 ex
459 4532 556 4665 lure
578 4534 753 4615 Positivo
777 4553 892 4617 erant
914 4536 1109 4647 petenda,
1131 4555 1213 4620 tam
1237 4536 1451 4647 diligenter
1470 4554 1513 4619 et
1534 4524 1650 4619 adcu-
