4509 5875
141 767 147 791 ,
850 681 1117 763 rsotusto.
1607 676 1655 759 53

281 872 325 935 ‘st
357 854 486 963 spotio
517 852 705 959 cogitati,
734 850 911 935 diversas
952 830 1210 959 suppeditant
1234 846 1502 957 adperidones
1532 894 1587 911 -·
1616 848 1661 930 in

286 978 521 1084 Βεὶιξὲοηὼ,
556 976 682 1065 ants,
720 977 912 1076 sereneo,
956 975 1143 1052 sermonis
1192 972 1390 1052 varietate.
1439 973 1522 1052 Hes
1556 1000 1655 1055 vero

285 1100 465 1182 eruimus
495 1099 538 1175 in
559 1094 731 1177 totidem
767 1094 989 1205 disciplinis
1018 1140 1073 1155 ··-
1099 1094 1378 1203 Mytleoiogtis,
1406 1094 1653 1191 AEsrloetioa,

287 1216 1004 1327 Ptztologzn,·eumracemationihus
1016 1242 1202 1329 quasque
1224 1218 1318 1299 suis.
1345 1218 1540 1301 Praeterea
1556 1219 1657 1324 ,iude

285 1358 327 1422 et
361 1343 543 1423 instituta
574 1360 615 1423 et
644 1340 864 1451 discipline
894 1342 1126 1424 innumere.
1488 1356 1491 1363 '

283 1616 287 1627 '
339 1600 434 1679 Haec
455 1600 593 1711 itaque
615 1602 754 1681 omnia
779 1618 820 1682 et
843 1601 1079 1681 interiorem
1109 1596 1230 1677 simul
1261 1614 1301 1678 et
1330 1601 1571 1680 exteriorem
1582 1600 1658 1679 ho·

269 1750 278 1761 ¹·
288 1720 443 1801 minem
471 1724 716 1831 respiciunt,
750 1724 910 1835 qualem
939 1724 1136 1803 nimirum
1174 1723 1218 1800 in
1252 1722 1335 1802 vita
1363 1724 1596 1831 experimur
1623 1739 1665 1801 et

290 1870 415 1953 quem
438 1869 531 1924 cum
549 1861 633 1923 tota
657 1846 739 1923 vita
767 1873 995 1953 congruum
1023 1848 1255 1953 cogitamus.
1283 1844 1325 1924 Si
1353 1872 1451 1924 vero
1478 1860 1664 1925 naturum
1802 1876 1806 1886 ·

289 1982 443 2067 totam,
465 1968 499 2045 si
513 1966 706 2047 ordinem
722 1984 763 2046 et
780 1967 1009 2048 absolutam
1027 1968 1280 2049 harmoniam
1301 1995 1460 2070 rerum,
1477 1968 1564 2046 sine
1577 1993 1663 2047 ms-

289 2090 400 2169 teriae
419 2080 625 2197 respectu,
652 2088 736 2168 sola
758 2088 889 2173 forma
911 2093 1105 2203 consequi
1121 2091 1330 2194 volumus,
1346 2088 1425 2170 hoc
1444 2090 1488 2168 in
1502 2088 1664 2168 Martie-

268 2212 469 2314 ·mcticis,
494 2212 520 2289 i.
535 2238 568 2291 e.
589 2212 634 2291 in
659 2202 823 2317 scientie
852 2241 954 2323 pura
987 2241 1017 2293 s.
1047 2212 1251 2316 absoluta,
1271 2239 1362 2323 qum
1382 2240 1529 2321 nempe
1548 2211 1664 2292 inde·

289 2332 473 2441 pendens
503 2350 563 2421 est
592 2334 643 2414 db
673 2364 812 2417 rerum
837 2334 1203 2440 influxu,facimus.
1228 2339 1332 2439 Quae
1359 2362 1453 2415 cum
1481 2332 1666 2414 absolute

291 2456 357 2558 sit,
379 2457 424 2540 iu
460 2452 614 2539 omnes
630 2460 753 2538 simu}
768 2458 973 2563 fhrmaks
1004 2461 1189 2539 scientias
1219 2460 1303 2536 vim
1333 2471 1493 2537 exercet
1521 2483 1665 2558 susm,

292 2602 440 2687 easque
464 2576 516 2657 ed
540 2579 751 2657 materiem
777 2575 974 2691 rdhibitus
999 2593 1040 2657 et
1065 2579 1172 2685 regit
1199 2594 1240 2658 et
1269 2577 1513 2657 moderatur.

344 2832 479 2953 Altera
501 2850 562 2911 est
578 2830 698 2940 hujus
716 2831 840 2909 studii
859 2830 1068 2939 provincia
1085 2862 1096 2907 ,r
1115 2830 1359 2915 abstructum
1371 2860 1548 2942 nemque
1560 2847 1608 2911 ut
1619 2849 1667 2913 ut

293 2973 353 3034 est
374 2955 426 3033 cb
454 2953 566 3032 omni
588 2955 776 3047 materie,
813 2981 910 3056 nos,
935 2954 1007 3063 qui
1034 2981 1172 3034 remm
1197 2955 1668 3066 universitatem,·qusm

293 3102 413 3157 nemo
435 3103 510 3156 uec
532 3093 741 3185 tempore,
760 3103 835 3156 nec
861 3079 990 3185 spatio
1015 3067 1143 3158 totum
1158 3078 1355 3184 attingere
1378 3077 1557 3183 velet,in
1574 3105 1667 3186 per·

293 3216 354 3280 tes
384 3198 678 3299 dissectumus,
716 3197 875 3278 reducit
909 3196 962 3279 sd
990 3217 1153 3305 totum,
1198 3199 1321 3312 quod-
1342 3227 1428 3284 nou
1456 3200 1534 3281 uisi
1560 3227 1669 3281 uuus

295 3321 576 3428 complectitur
611 3335 792 3420 creator,
818 3321 929 3398 Deus
965 3323 1014 3400 0.
1034 3324 1116 3423 tt,
1140 3349 1306 3433 queme
1327 3351 1467 3403 rerum
1499 3338 1668 3424 nature,

296 3469 346 3524 ex
376 3443 591 3523 hominum
616 3439 885 3545 iecultruibus,
915 3469 940 3521 e
970 3443 1147 3524 innubili
1172 3462 1446 3524 creterrarum
1468 3460 1670 3526 concentu

297 3563 508 3646 ostendere
524 3581 732 3647 conemur
757 3565 802 3644 iu
837 3563 1064 3673 mongo.
1103 3567 1146 3646 si
1172 3593 1283 3646 nunc
1304 3593 1379 3674 per
1410 3567 1493 3646 hec
1523 3583 1668 3644 cuncto

297 3703 337 3768 et
373 3685 424 3765 de
457 3686 582 3771 uuuui
610 3701 755 3767 natura
770 3704 820 3773 ¹et
851 3685 902 3768 de
932 3704 1021 3768 toto
1052 3687 1209 3768 mundo
1235 3687 1458 3791 exteriori,
1489 3687 1596 3766 inter
1624 3713 1668 3766 se

294 3835 502 3916 congruo,
530 3829 670 3888 sumus
688 3809 906 3905 certiores,
924 3810 1141 3892 Scienttom
1166 3813 1437 3925 assequimur,
1459 3835 1584 3920 quam
1601 3835 1667 3890 so·

294 3930 376 4010 lam
410 3933 698 4012 Pmtosornnu
739 3930 897 4013 dixeris.
959 3935 1079 4041 Eum,
1118 3935 1215 4046 quia
1256 3961 1343 4015 non
1390 3933 1526 4014 omnia
1560 3959 1668 4014 unus

295 4055 464 4135 attinere
491 4069 645 4164 potest,
674 4081 795 4136 nemo
822 4057 1053 4138 mortalium
1069 4056 1281 4166 possidet,
1307 4055 1503 4167 adquam
1528 4069 1667 4134 umen

299 4183 438 4259 omnes
467 4177 658 4258 omnibus
672 4178 840 4260 uiribus
858 4179 1038 4288 intentis,
1056 4195 1207 4262 nuturae
1229 4177 1441 4262 divinioris
1466 4177 1667 4288 impulsu,

299 4304 493 4382 continuo
528 4300 837 4409 compelluntur.

351 4523 604 4607 intercehoc
621 4549 695 4631 per
722 4541 854 4632 partes
874 4525 1059 4633 fadmus,
1081 4551 1183 4635 ques
1211 4524 1380 4634 antiquo
1409 4553 1485 4607 usu
1505 4521 1549 4601 in
1566 4517 1667 4601 Uni·
