4509 5875
849 621 1053 713 oanrro.
1593 640 1637 739 5,

275 821 364 902 miae
379 822 560 901 instituta
574 817 763 898 lecerunt.
783 821 843 898 Eo
859 823 1126 925 enlm,uthoc
1137 840 1295 902 tautum
1306 842 1412 924 utar,
1425 825 1640 935 adquisitio

271 945 392 1024 Horti
409 941 589 1022 Botanici
603 957 664 1020 est
678 940 909 1044 referenda,
923 946 967 1024 in
978 973 1063 1056 quo
1075 945 1330 1053 disponendo
1345 963 1387 1025 et
1396 945 1639 1055 instruendo

269 1079 425 1142 tautum
440 1063 522 1170 jam
535 1077 595 1142 est
608 1061 849 1170 profectum,
864 1080 911 1142 ut
929 1093 978 1143 ex
996 1067 1083 1172 ejus
1095 1067 1288 1172 adspectu
1302 1093 1459 1144 summa
1473 1095 1642 1178 quaeque

266 1184 413 1264 liceant
432 1184 642 1288 augurari;
671 1211 720 1264 eo
743 1185 841 1264 item
867 1187 1045 1293 pertinet
1065 1186 1356 1266 Aedificiorum
1378 1189 1644 1269 Academico·

267 1333 389 1402 rum,
421 1304 574 1412 'quibus
604 1305 674 1384 rix
700 1333 872 1414 usquam
898 1307 1242 1414 magnificentiora
1269 1311 1438 1414 reperiri
1468 1327 1643 1419 queant,

266 1427 425 1535 incepta
458 1428 723 1525 restauratio;
755 1428 979 1530 librorum,
1011 1431 1159 1542 quiin
1192 1428 1444 1509 Bibliotheca
1484 1428 1647 1537 publici

268 1548 586 1632 adservabantur
610 1553 843 1632 continuata
869 1551 1080 1661 dispositio
1102 1570 1145 1631 et
1171 1579 1313 1632 recens
1332 1553 1377 1630 in
1402 1552 1516 1630 omni
1545 1550 1644 1631 doc·

267 1673 469 1756 trinarum
491 1699 639 1780 genere
667 1691 870 1755 emtorum
891 1693 1001 1756 tanta
1025 1677 1216 1778 accessio,
1236 1691 1303 1774 ut,
1321 1701 1452 1784 quum
1478 1676 1647 1782 antiqua

267 1792 521 1878 Bibliotheca
548 1796 755 1905 capiendis
781 1799 861 1879 illis
890 1827 974 1879 non
995 1798 1168 1910 amplius
1189 1795 1410 1892 sufficeret,
1436 1795 1488 1876 de
1516 1793 1651 1875 tribus

262 1915 352 1998 aliis
376 1921 472 2024 oecis
497 1919 557 1998 illi
580 1919 817 2028 adjiciendis
843 1940 947 2002 esset
977 1920 1251 2027 cogitandum.
1270 1918 1397 2021 Quod
1425 1920 1571 1998 attinet
1590 1915 1643 1996 ad

263 2037 514 2146 Apparatum
523 2058 563 2120 et
572 2041 842 2122 Instrumenta
860 2043 1103 2124 lectionibus
1120 2042 1311 2148 Physicae,
1327 2041 1648 2148 Chymiaenaria·

264 2186 442 2271 rumque
482 2163 672 2246 Historiae
709 2165 911 2246 Naturalis
947 2167 1124 2275 partium
1165 2165 1458 2254 inservientia,
1501 2184 1648 2238 eorum

264 2279 516 2356 incrementa
533 2287 783 2354 successoris
802 2289 1021 2358 Clarissimi
1039 2287 1282 2388 eloquentiae
1294 2277 1472 2384 amplam
1484 2277 1646 2358 dicendi

267 2400 481 2481 materiam
510 2395 840 2506 suppeditabunt.

238 2707 242 2713 ·
332 2660 555 2744 Laudanda
584 2689 709 2770 porro
742 2679 803 2743 est
821 2663 1036 2774 splendida
1062 2667 1301 2747 Nosocomii
1329 2664 1469 2748 Civilis
1495 2662 1649 2744 institu-

265 2786 349 2883 tio,
370 2784 443 2864 ubi
468 2811 574 2864 curae
601 2787 644 2862 in
669 2785 867 2866 sanandos
892 2815 1091 2895 pauperes
1119 2789 1275 2871 collatae
1302 2789 1504 2895 egregiam
1528 2784 1650 2864 simul

266 2906 477 2989 Medicinae
519 2905 720 2989 Studiosis
768 2907 947 2988 offerunt
975 2912 1345 3020 opportunitatem,
1377 2911 1422 2987 in
1455 2905 1648 3009 omnibus

266 3030 389 3140 hujus
408 3032 629 3142 discipliuae
650 3032 835 3141 partibus
852 3030 1088 3111 moderante
1109 3032 1338 3112 Professore
1358 3060 1400 3111 se
1424 3028 1649 3111 exercendi.

264 3153 435 3235 Accedit
459 3179 650 3258 magnum
674 3152 847 3231 Militare
869 3152 1184 3255 Nosocomium,
1208 3155 1504 3261 sapientissimo
1526 3151 1649 3254 Regis

269 3267 451 3353 Consilio
488 3294 581 3347 cum
618 3270 857 3351 Academici
896 3276 1151 3387 institutione
1194 3274 1457 3382 conjunctum
1479 3262 1647 3380 ,quod

273 3396 454 3501 geminat
476 3393 732 3472 occasionem
754 3395 983 3501 discipulis,
1006 3426 1095 3507 quae
1129 3400 1175 3476 in
1201 3396 1476 3477 Professorum
1503 3393 1651 3474 scholis

268 3531 558 3628 perceperunt,
576 3542 623 3595 ea
642 3513 907 3597 confirmandi
927 3535 969 3597 et
986 3518 1268 3626 amplificandi.
1290 3520 1425 3619 Quam
1447 3542 1535 3593 rem
1555 3540 1650 3593 cum

269 3642 472 3747 egregiam
506 3636 676 3723 Civibus
711 3638 961 3721 Academicis
997 3642 1214 3721 utilitatem
1253 3639 1410 3720 adferre
1452 3635 1650 3727 vidissent

273 3760 442 3843 Ordinis
461 3759 609 3841 Medici
623 3759 887 3863 Professores,
902 3762 955 3842 ad
968 3764 1297 3871 conjunctionem
1308 3748 1419 3841 illam
1435 3760 1650 3839 arctiorem

275 3887 397 3966 etiam
418 3882 767 3993 efficacioremque
786 3883 1035 3966 reddendam
1054 3884 1156 3967 illud
1174 3886 1253 3965 sibi
1271 3882 1500 3963 faciendum
1517 3882 1653 3960 existi-

276 4020 514 4101 maverunt,
534 4021 581 4083 ut
599 4007 794 4111 vicissim,
811 4011 1062 4119 quicumque
1081 4009 1275 4089 Militares
1292 4006 1441 4093 Medici
1470 4002 1654 4113 frequen·

274 4124 409 4206 tandis
442 4128 486 4207 in
517 4124 731 4207 Academia
767 4130 945 4230 scholis,
983 4131 1090 4241 quee'
1118 4147 1211 4211 ante
1246 4128 1482 4211 didicissent
1507 4152 1653 4233 augere

276 4246 429 4331 vellent
457 4267 499 4331 et
525 4251 771 4349 instaurare,
799 4255 974 4358 gratuito
1001 4252 1053 4334 ad
1078 4252 1166 4333 illas
1192 4252 1510 4333 admitterentur.

330 4478 466 4589 Atque
485 4479 529 4559 in
543 4478 652 4559 hunc
661 4476 798 4557 locum
818 4476 973 4559 delatus
981 4504 1064 4557 non
1076 4479 1493 4590 possum,quiuViris
1504 4477 1654 4558 ΗΜ,
1782 4518 1786 4523 ι
1816 4484 1820 4491 .

455 4605 498 4677 11.
1443 4603 1464 4671 Β
