4509 5875
587 689 832 760 nusroxslo
859 687 1112 776 monast.
1136 688 1277 772 tusto.
1577 707 1623 780 29

257 873 411 953 ratione
435 870 609 977 petitum
632 885 707 971 est,
734 886 856 981 atque
882 867 1035 948 intimis
1061 866 1164 976 juris
1186 865 1396 975 principiis
1418 867 1475 945 ita
1494 863 1624 956 cohae-

256 1010 341 1095 ret,
366 1009 411 1073 ut
431 991 604 1072 dubium
630 991 760 1071 ullum
788 990 889 1071 nulli
910 991 1048 1097 pariat.
1077 991 1152 1069 Ast
1174 1015 1416 1069 concurrere
1444 1015 1534 1096 quac
1555 985 1626 1067 dc-

256 1114 398 1204 beant,
414 1130 461 1191 ut
483 1111 619 1191 adesse
643 1110 829 1190 voluutas
851 1106 1116 1189 transferendi
1137 1125 1179 1188 et
1203 1106 1438 1217 acquirendi
1457 1110 1627 1190 dominii

257 1233 517 1338 intelligatur,
533 1231 663 1336 magis
678 1229 853 1310 arduum
872 1246 932 1310 est
949 1255 1202 1337 proponere,
1222 1229 1336 1338 quod
1361 1228 1533 1335 proinde
1556 1225 1630 1311 dis

260 1356 424 1436 tinctius
446 1367 586 1436 sumus
613 1352 846 1460 exposituri.

315 1583 421 1663 Cum
440 1579 655 1660 hominum
682 1581 778 1660 sana
804 1581 959 1660 ratione
986 1579 1190 1658 utentium
1221 1579 1407 1660 voluntas
1434 1606 1520 1659 non
1543 1584 1632 1656 mo·'

263 1719 420 1805 reatur,
448 1702 526 1780 nisi
552 1729 669 1781 causa
690 1702 941 1782 voluntatem
968 1702 1228 1808 praecesserit,
1252 1699 1308 1780 ob
1336 1728 1460 1809 quam
1481 1701 1609 1779 velint
1622 1720 1643 1796 ς’

227 1883 233 1904 .
264 1821 395 1932 palam
409 1837 485 1923 est,
505 1824 709 1903 neminem
730 1823 852 1925 velle,
871 1840 922 1902 ut
939 1823 1155 1903 traditione
1172 1822 1400 1903 dominium
1418 1850 1441 1902 a
1461 1849 1503 1901 se
1521 1822 1637 1900 abeat

268 1945 411 2024 autin
442 1971 485 2022 se
517 1944 801 2046 transferatur,
835 1945 911 2024 nisi
946 1944 1051 2024 adsit
1081 1971 1166 2053 quo
1205 1944 1435 2025 dominium
1468 1942 1635 2022 mansfe-

154 2108 166 2124 ,
265 2080 380 2144 ratur
416 2063 583 2163 titulus,
614 2065 747 2173 qualis
778 2081 838 2145 est
866 2068 1046 2175 emptio,
1080 2065 1286 2167 venditio,
1319 2066 1514 2162 donatio,
1543 2091 1639 2169 per·

266 2183 440 2264 mutatio
471 2183 826 2266 etc..L.31ff.de
855 2187 945 2290 adq.
972 2217 1048 2266 rer.
1080 2187 1189 2262 dom.
1217 2189 1285 2289 (ι).
1309 2182 1429 2298 Unde
1459 2183 1493 2262 si
1520 2183 1639 2263 titulo

267 2330 354 2386 non
388 2302 623 2382 translativo
661 2301 849 2404 dominii,
878 2303 1005 2385 veluti
1033 2304 1240 2411 depositi,
1269 2303 1513 2384 commodati
1533 2321 1641 2408 etc,

271 2453 337 2506 res
365 2425 510 2506 tradita
536 2423 658 2505 fucrit
687 2441 757 2504 aut
784 2443 963 2534 accepta3
992 2453 1076 2506 non
1105 2429 1183 2506 erit
1216 2428 1386 2508 dominii
1415 2427 1644 2527 translatio,

189 2560 195 2570 '
269 2549 364 2657 quia
394 2575 443 2626 ex
471 2545 643 2655 utraque
670 2565 803 2654 parte,
823 2548 1020 2634 tradentis
1044 2539 1196 2631 Scilicet
1219 2568 1268 2630 et
1285 2551 1536 2659 accipientis,
1557 2575 1643 2628 non

270 2670 477 2784 concurrit
496 2696 621 2779 quem
646 2670 696 2749 ad
723 2671 1026 2751 translationem
1060 2672 1232 2752 dominii
1262 2673 1508 2783 requirimus
1532 2668 1646 2750 effec-

269 2807 343 2880 tus,
367 2793 507 2901 Itaque
532 2818 675 2872 verum
693 2810 767 2890 est,
787 2793 900 2902 quod
920 2793 1111 2891 diximus,
1130 2793 1284 2903 justiam
1309 2795 1484 2891 titulum,
1504 2791 1646 2872 volun·

271 2913 342 2993 tati
372 2915 525 3020 inesse,
544 2944 637 2995 cum
659 2915 844 2996 voluntas
865 2944 955 2996 non.
969 2917 1239 3017 intelligatur,
1258 2917 1337 2999 nisi
1353 2915 1485 3020 justus
1504 2913 1647 2996 titulus

270 3040 535 3143 pr'oecesserit;
563 3055 604 3117 et
632 3035 726 3115 ideo
756 3033 806 3113 de
831 3034 940 3137 justo
961 3032 1082 3111 titulo
1103 3034 1325 3146 separatim!
1346 3060 1432 3112 non
1460 3034 1648 3113 tractabi-

273 3180 381 3250 mus,
408 3167 456 3229 ut
481 3150 665 3258 plerique
696 3150 868 3249 faciunt,
893 3150 966 3229 sed
995 3150 1046 3230 de
1070 3178 1120 3230 eo
1149 3151 1227 3231 hoc
1256 3153 1347 3230 loco
1374 3156 1546 3258 agimus,
1573 3154 1647 3234 ubi

200 3314 206 3323 ·
276 3274 326 3355 de
341 3272 562 3375 ¹voluntate,
572 3269 917 3381 quemadmodum
927 3271 1111 3353 fecerunt
1119 3272 1406 3354 celeberrimus
1414 3276 1648 3382 Vtuntusm)

276 3395 405 3475 etalii
428 3396 500 3505 qui
528 3396 663 3502 ipsum
689 3397 850 3504 sequuti
879 3404 975 3475 sunt
1001 3397 1242 3505 interpretes
1259 3425 1345 3479 non
1361 3396 1590 3507 spernendi.
1730 3468 1737 3475 .

329 3640 417 3719 Stet
436 3666 532 3745 ergo
556 3640 714 3719 axioma
733 3638 812 3719 hoc
831 3670 841 3719 ε
861 3614 1112 3720 voluntatem·
1131 3643 1400 3726 transferendi
1421 3608 1651 3739 dominium

279 3765 324 3843 in
343 3761 551 3867 tradente,
571 3762 807 3871 acquirendi
830 3766 875 3843 in
894 3765 1113 3871 accipiente
1134 3792 1220 3846 non
1239 3764 1432 3870 intelligi,
1451 3764 1530 3843 nisi
1548 3778 1651 3842 uter·

228 3956 231 3965 .
280 3910 359 3993 que
391 3883 511 3963 titulo
540 3882 710 3964 dominii
734 3887 973 3995 translativo
994 3888 1130 3994 egerit.
1262 3927 1264 3930 ·

325 4105 374 4197 (1)
396 4108 483 4175 Hinc
501 4108 585 4175 illud
601 4110 709 4177 Panas
723 4135 731 4177 :
745 4114 925 4204 Nuuqrmm
945 4115 1040 4180 nuda
1063 4115 1197 4181 traditio
1211 4110 1362 4200 transfirt
1380 4112 1578 4192 domitiam,
1597 4110 1655 4175 sad

155 4212 158 4219 '
271 4215 348 4309 ,ξιιμ
362 4214 394 4277 si
413 4212 557 4279 venditio
577 4228 636 4279 arat
651 4216 822 4307 aliajusta
843 4242 942 4295 carna
962 4223 1168 4309 praecesserit,
1183 4234 1432 4309 propterquam
1450 4206 1592 4285 traditio
1606 4238 1653 4281 sc·

281 4332 356 4384 cota
375 4321 425 4383 sit.
439 4317 473 4381 L.
492 4315 531 4381 31
547 4366 556 4397 ,
570 4317 606 4383 tl.
622 4316 665 4383 de
678 4340 749 4408 acq.
770 4344 833 4387 rer.
852 4323 942 4390 dom.

326 4464 376 4555 (a)
398 4466 538 4532 Virrius
558 4465 601 4531 ad
626 4472 703 4533 Inst.
725 4467 783 4533 lib.
801 4492 838 4546 a,
853 4471 901 4537 tit.
922 4492 954 4545 1,
969 4480 994 4546 s
1009 4474 1062 4550 Ao.
1081 4472 1271 4537 Maurusius
1284 4469 1327 4535 ad
1343 4470 1379 4536 tf.
1396 4471 1454 4537 lib.
1470 4472 1529 4550 dr,
1546 4469 1596 4533 tit
1618 4490 1654 4548 ι,

284 4582 309 4648 5.
326 4572 576 4660 7.Coutrarium
587 4588 694 4640 tamen
710 4572 852 4641 docuere
864 4574 1025 4643 Putamus
1038 4573 1078 4641 ad
1088 4576 1167 4643 lust.
1183 4571 1422 4643 denudati).
1438 4578 1564 4640 lloean.
1580 4573 1655 4641 eod.
