4509 5875
757 667 1178 744 INAUGURALIUM.
1600 669 1648 741 83

831 877 866 931 D.
887 879 901 930 1
919 878 1090 936 susum

324 1051 559 1131 Dissertatio
584 1049 687 1128 circa
704 1048 783 1129 Tit.
806 1079 827 1122 s
845 1049 1102 1131 commodati
1121 1050 1186 1131 vel
1205 1067 1377 1131 contro»
1398 1070 1521 1162 atque
1540 1052 1645 1130 eirea
1759 1092 1762 1098 ·

267 1187 338 1374 {sit
367 1200 441 1251 ιω
459 1171 551 1252 incl.
587 1170 661 1270 134
682 1159 844 1253 Codiois
863 1172 936 1252 civ.
958 1189 1124 1254 suetooe
1144 1175 1289 1255 Feuce
1309 1175 1644 1277 DELECOURT,

315 1297 475 1374 ontensi.

628 1487 687 1568 IN
713 1485 918 1570 ORDINE
944 1487 1280 1580 MEDICORUM.
1366 1613 1369 1618 Ι

815 1875 849 1926 o.
868 1875 967 1930 xv111
986 1875 1100 1955 soon.

286 2037 524 2118 Dosenato
546 2067 566 2112 α
585 2038 646 2118 De
666 2039 1099 2142 Cataracta‚»euc,tore
1115 2041 1302 2118 Amomo
1321 2037 1512 2116 Gmsoo
1527 2036 1639 2116 VAN

260 2159 594 2242 ONSENOORT
611 2221 624 2266 ,
648 2162 931 2270 ffltraleetinQ
947 2164 991 2241 in
1007 2191 1154 2270 magno
1176 2161 1425 2243 Nosocomio
1438 2159 1637 2261 militum,

262 2280 377 2392 quod
410 2311 505 2362 cum
539 2282 755 2364 Academia
788 2285 1029 2365 Lovaniensi
1071 2284 1335 2392 conjunctum
1373 2298 1464 2383 est,
1497 2283 1637 2388 primae

260 2403 392 2484 classis
427 2405 630 2511 Chirurgo
668 2411 768 2514 (pro
806 2409 1031 2485 Doctoratu
1066 2404 1277 2489 Medicinae
1303 2432 1349 2483 ac
1375 2403 1631 2510 Chirurgiae).

258 2524 559 2618 Dissertationis
586 2525 768 2634 exempla
785 2526 895 2630 duo,
918 2528 1090 2606 alterum
1102 2529 1268 2630 Latino,
1290 2525 1462 2607 alterum
1476 2523 1633 2605 Gallico

257 2672 444 2727 sermone
478 2649 780 2754 consignatum,
809 2648 854 2728 in
888 2650 984 2727 actis
1017 2667 1112 2730 sunt
1148 2677 1271 2730 manu
1297 2650 1468 2756 scripta,
1499 2675 1632 2758 neque
1696 2708 1698 2713 .

257 2795 354 2849 vero
390 2772 498 2878 typis
531 2773 746 2879 impresse,
776 2798 866 2881 quae
895 2767 1063 2879 quidem
1103 2769 1264 2849 licentia
1303 2771 1381 2876 ipsi
1420 2769 1444 2848 ὲ
1478 2767 1631 2874 Colleg.

257 2889 391 2972 Curat.
423 2889 721 2974 concedebatur
759 2891 1018 2999 (Dissertatio
1052 2908 1191 3000 posteo
1230 2892 1422 3000 impressa
1457 2888 1631 2999 prodiit,

257 3037 441 3094 sermone
464 3018 611 3098 Batavo
637 3014 830 3117 exarata).

818 3232 853 3282 1).
883 3230 938 3285 vlt
956 3231 1064 3284 suut.

177 3488 182 3493 ¹
308 3394 387 3475 Hic
416 3393 518 3475 ordo
542 3420 593 3474 ex
622 3409 816 3501 potestate
839 3391 917 3472 sibi
939 3420 1014 3501 per
1035 3410 1105 3473 art.
1135 3393 1188 3489 40
1209 3394 1399 3474 Statutor.
1420 3396 1516 3501 Reg.
1548 3399 1574 3495 §
1599 3398 1625 3478 3

254 3544 472 3620 concessa,
501 3515 672 3625 gradum
712 3517 898 3597 Doctoris
933 3517 1043 3596 Artis
1079 3515 1409 3598 Pharmaceuticae
1455 3518 1627 3597 eontulit

253 3642 382 3721 Pesso
411 3640 638 3723 S1o1ssesso
665 3642 782 3722 ΒΑΜ
829 3669 881 3719 ex
910 3641 954 3719 Z
955 3637 1097 3721 undere
1125 3639 1290 3748 majori,
1317 3638 1525 3721 Medicinae
1543 3638 1625 3748 jem

253 3779 368 3843 antea
389 3764 566 3846 Doctori.
