4509 5875
620 584 667 667 42
853 684 858 692 ἱ
1017 576 1186 647 cauom
1210 572 1401 645 nuosmr
1425 574 1596 643 rrrsnsr

621 759 692 841 sed
719 758 972 840 nobilissima
998 755 1221 833 Frisiorum
1248 754 1454 855 omnium,
1489 751 1713 842 Walacm,
1747 750 1985 847 Walacn'o,

624 881 863 974 Walclm'a,
899 875 1124 970 Walchm,
1167 874 1439 967 Waletaum,
1484 872 1754 953 Woleconcm
1789 873 1990 979 appellata.

619 1004 805 1085 Innotuit
817 1002 902 1111 jam
918 1001 1095 1111 antiquis
1107 998 1361 1105 temporibus
1379 997 1444 1075 hic
1454 994 1649 1103 pagellas,
1670 1012 1711 1075 et
1727 1022 1749 1073 a
1766 996 1851 1075 suis
1870 1000 1994 1075 comi·

620 1127 733 1209 tibus
756 1125 979 1232 regebatur.
1745 1144 1751 1149 ·

672 1281 923 1363 Beselcndrie
948 1306 1074 1388 pagus
1100 1278 1276 1389 reliquos
1308 1274 1531 1358 Zeelandics
1557 1272 1905 1383 complectebatur
1930 1278 1994 1355 in·

619 1405 736 1485 sulas.
758 1406 923 1485 Nomen
943 1402 1117 1482 ducebat
1137 1428 1160 1479 a
1182 1399 1438 1479 Gandavensi
1462 1400 1517 1479 St.
1533 1398 1706 1477 Beronis
1726 1398 1993 1501 monasterio,

616 1531 686 1605 cui
718 1528 771 1603 ab
799 1530 954 1603 Ottone
980 1526 1018 1597 11
1048 1525 1143 1627 imp.
1173 1520 1305 1602 fuerat
1331 1520 1582 1629 adscriptus:
1601 1519 1855 1601 Scaldensem
1886 1522 1993 1599 inter

548 1678 557 1688 ·
620 1675 666 1727 ac
694 1646 941 1727 Walacriam
967 1640 1144 1746 medius,
1176 1640 1404 1749 Ottinginm
1436 1642 1489 1719 ab
1521 1640 1707 1718 orientali
1732 1658 1772 1721 et
1801 1641 1996 1721 meridio-

622 1769 703 1850 nali
730 1770 853 1848 latere
883 1764 1081 1871 tangebat.

671 1927 707 2025 ά.
735 1926 904 2005 Msrsou
927 1919 1128 2031 pagellas,
1147 1946 1232 1999 non
1260 1921 1338 2001 nisi
1362 1946 1411 2000 ex
1433 1920 1481 1999 D.
1502 1917 1762 2001 Willibrordi
1788 1920 1863 2029 Ep.
1889 1916 1995 2027 Traj.

619 2064 879 2149 testamento,
900 2074 933 2125 a.
957 2044 1035 2155 726
1063 2045 1287 2153 perscripto
1308 2044 1381 2148 (r),
1402 2049 1601 2141 noscitur;
1621 2044 1665 2123 in
1688 2071 1771 2153 quo
1792 2041 1876 2121 haec
1896 2041 1996 2147 legi·

620 2198 710 2249 mus
729 2200 739 2248 t
759 2166 1035 2248 ‹Heribaldus
1060 2167 1222 2246 clericus
1243 2164 1414 2246 tradidit
1428 2168 1655 2247 Ecclesiam
1674 2168 1714 2244 in
1730 2168 1868 2245 Picum
1883 2164 1993 2244 Mm-

622 2319 716 2383 surt,
736 2291 807 2369 ubi
826 2292 946 2367 Mosa
969 2292 1095 2365 intrat
1111 2291 1156 2364 in
1175 2288 1314 2383 Mare,
1340 2314 1432 2367 cum
1449 2287 1687 2397 appenditio
1704 2306 1743 2367 et
1761 2289 1996 2389 meracum,

623 2410 729 2492 unde
756 2412 926 2491 berbices
944 2424 1176 2489 nascuntur.
1197 2404 1237 2483 ι’

677 2564 811 2645 Situm
827 2562 994 2645 Miroeus
1010 2568 1080 2647 ille
1092 2568 1247 2647 nescire
1262 2591 1305 2642 se
1319 2559 1443 2641 fessus
1457 2577 1536 2659 est3
1554 2588 1677 2671 quem
1690 2563 1825 2673 itaque
1839 2563 1902 2643 vel
1916 2589 1991 2643 nos

628 2688 679 2769 ad
709 2683 801 2766 illos
824 2701 974 2765 tractus
999 2682 1202 2765 credimus
1229 2681 1530 2793 reponendum,
1560 2712 1664 2795 quos
1698 2713 1810 2765 marc
1838 2684 1995 2766 dudum

627 2810 867 2891 absorbuit:
887 2810 968 2920 qua
990 2808 1130 2888 eadem
1157 2808 1346 2886 Berselius
1366 2835 1442 2887 nos
1459 2809 1574 2915 praeit
1594 2810 1810 2913 sententis,
1837 2838 1887 2891 eo
1908 2835 1994 2889 cer·

626 2936 726 3037 tius,
746 2935 842 3044 qnia
869 2959 945 3014 nec
972 2931 1121 3031 ullum,
1146 2928 1260 3038 quod
1278 2930 1363 3036 ejus
1384 2928 1499 3006 iaciat
1525 2933 1796 3036 mentionem,
1818 2949 1998 3044 superest

626 3072 939 3138 monumentum
964 3054 1179 3170 recentius,

681 3247 716 3328 5.
753 3247 1004 3326 Scsmrnsmr
1034 3269 1182 3349 pagum
1218 3244 1338 3324 variis
1372 3242 1512 3324 insulis
1550 3243 1772 3324 constitisse
1809 3242 1993 3326 diximus.

628 3371 751 3448 Erant
768 3365 829 3444 he
847 3359 1017 3473 quidem
1032 3389 1042 3440 ε
1059 3363 1192 3443 lnsula
1216 3365 1438 3448 Scnouwru
1461 3394 1533 3447 seu
1553 3365 1734 3469 Sciron,
1754 3395 1843 3477 quae
1863 3365 1994 3446 adhuc

628 3484 1103 3601 pagidenominationem
1113 3504 1260 3590 servat,
1279 3519 1300 3568 a
1320 3515 1418 3569 voce
1440 3515 1585 3596 nempe
1599 3488 1793 3584 Schoude,
1811 3517 1883 3570 seu
1897 3487 1996 3569 Lati·

628 3641 778 3695 norum
787 3607 928 3693 Scaldi
934 3608 1424 3718 appellata3Mosa,Scaldi
1435 3639 1480 3690 ac
1490 3612 1652 3692 Oceano
1662 3612 1798 3693 cincta.
1811 3611 1994 3694 Meridio·

629 3736 730 3814 nalis
753 3733 893 3813 insulae
922 3759 1034 3838 pars,
1062 3730 1192 3810 multo
1217 3733 1438 3836 extensior,
1465 3732 1637 3810 borealis
1669 3763 1764 3810 vero
1788 3733 1992 3838 angustior

628 3853 750 3932 firisse
767 3852 930 3931 videtur
942 3849 1009 3955 (3).
1021 3854 1110 3945 Jam
1121 3854 1224 3934 circa
1238 3883 1270 3935 e.
1294 3852 1512 3965 758-838
1530 3855 1698 3936 maxime
1716 3852 1902 3964 frequens
1921 3853 1992 3959 (A),

673 4041 723 4133 (r)
744 4025 788 4110 A,
799 4040 912 4109 Mum
927 4062 1022 4129 opera
1035 4043 1187 4132 diplom,
1206 4047 1298 4113 Tom.
1315 4049 1352 4134 1,
1366 4073 1397 4140 p.
1416 4071 1464 4117 rr.

672 4148 722 4236 (a)
746 4148 862 4216 came.
883 4145 996 4214 Gottsv.
1009 4169 1034 4213 s.
1051 4171 1078 4214 v.
1095 4151 1259 4228 Marsum,
1277 4175 1310 4241 p.
1332 4155 1408 4242 676.

675 4251 724 4340 (3)
746 4254 813 4318 Dus
836 4257 969 4319 llocnns
982 4253 1134 4320 Memoirc
1146 4257 1307 4321 comune
1320 4280 1361 4322 en
1379 4281 1462 4347 ¹77⁰
1472 4305 1482 4336 ‚
1493 4281 1526 4347 p.
1540 4259 1595 4324 61.

634 4467 647 4525 Ι
675 4356 724 4445 (4)
746 4357 822 4423 vid.
841 4357 986 4446 Chronyk
1001 4384 1069 4428 van
1085 4363 1367 4431 Rsrcsnsrraous
1390 4365 1431 4430 ad
1449 4363 1540 4430 huno
1558 4384 1692 4430 annum.
1714 4399 1758 4438 -,-
1777 4363 1987 4430 Surumcrrs

655 4480 710 4540 ,o
736 4481 786 4547 ¹9·
1005 4475 1008 4483 ’
