4509 5875
802 676 1068 747 PROLUSIO.
1584 669 1624 741 δι

314 836 493 947 Utraque
516 860 613 917 vero
633 850 765 943 partes
786 862 876 926 suas
901 837 1024 917 habet
1051 865 1060 917 :
1087 836 1211 917 altera
1227 837 1308 915 tria
1326 852 1479 915 naturae
1496 860 1632 939 regna,

258 960 304 1042 in
319 960 433 1044 vario
460 956 591 1039 cultus
602 955 741 1062 gradu
758 956 1068 1066 complectitur;
1090 958 1215 1047 altera
1243 959 1448 1059 annones,
1464 972 1633 1062 gentes,

260 1079 461 1189 singulos:
475 1080 517 1159 hi
531 1082 701 1183 iterum,
719 1097 765 1162 ut
783 1079 852 1161 iila
870 1080 1016 1185 millae,
1028 1081 1321 1188 iuxtaterram,
1336 1080 1451 1190 juxte
1464 1079 1633 1179 celum,

260 1202 338 1284 sub
358 1230 442 1311 quo
467 1230 558 1282 eam
582 1200 787 1295 incolunt,
810 1204 1041 1313 iterumque
1060 1204 1216 1283 ratione
1234 1203 1385 1305 cultus,
1403 1230 1529 1311 quom
1555 1199 1634 1280 adi-

262 1326 476 1435 piscuntur
490 1328 507 1430 ‚'
529 1342 626 1408 sunt
653 1324 812 1410 diversi.
841 1326 908 1428 Sic
938 1354 1019 1407 una
1060 1354 1109 1406 ex
1151 1342 1263 1436 parte
1294 1341 1466 1424 naturae,
1505 1321 1634 1408 indoli

260 1444 346 1555 ejus
356 1448 576 1558 ,partibum
595 1448 831 1544 ordinibus,
852 1450 1080 1555 organismo
1097 1478 1184 1530 -s
1200 1446 1334 1558 lapide
1351 1446 1404 1529 ad
1419 1443 1634 1555 plantas-
1657 1511 1662 1523 ,

259 1568 310 1652 ad
330 1572 537 1669 animalia,
559 1573 613 1655 ad
632 1572 862 1677 hominem,
880 1572 1115 1656 animalium
1135 1571 1495 1681 perfectissimum
1513 1567 1636 1646 altera

260 1720 381 1798 uero,
410 1694 461 1775 ab
480 1694 670 1799 homine,
699 1712 973 1775 creanuarum
1001 1721 1160 1777 summa
1177 1692 1298 1773 simul
1315 1709 1363 1789 ¹et
1385 1689 1521 1768 media
1538 1678 1634 1795 pro·

261 1814 410 1917 fectus,
435 1818 616 1923 ipsimet,
650 1834 861 1925 tempore,
892 1817 1006 1922 loco,
1036 1818 1174 1921 cultu,
1198 1834 1394 1925 terrasque
1433 1810 1633 1891 vicissitu-

261 1936 427 2023 dinibus
444 1940 576 2043 vario‚
594 1966 760 2047 operam
769 1967 917 2019 narare
938 1939 1072 2021 debes.
1090 1942 1130 2021 N
1131 1940 1358 2022 ominemus
1379 1960 1490 2014 nunc
1507 1931 1637 2010 scieu-

261 2061 380 2163 tiam,
404 2086 527 2169 quam
553 2060 604 2140 de
635 2077 788 2141 nature
813 2063 1033 2145 virtutibus
1063 2063 1276 2165 habemus,
1306 2058 1556 2165 Geologiam.
1588 2053 1636 2132 Iu

263 2208 312 2263 oo
338 2196 492 2261 nature
519 2180 656 2263 studio
675 2209 749 2291 per
776 2184 936 2289 classes,
968 2213 1043 2294 per
1059 2214 1235 2293 genero,
1260 2211 1335 2292 per
1361 2179 1513 2289 speeies
1533 2234 1545 2277 ,
1564 2200 1638 2282 pcr

263 2303 439 2413 singulas
456 2332 546 2409 res,
565 2333 589 2385 a
605 2321 694 2385 toto
713 2307 757 2387 in
774 2325 928 2419 partes·¹
944 2338 969 2389 a
984 2337 1146 2393 summo
1164 2308 1216 2387 ad
1239 2310 1370 2387 imum
1393 2294 1638 2383 descendere

208 2432 215 2445 '
262 2426 505 2509 conabimur
530 2457 539 2507 :
568 2429 611 2507 in
632 2426 797 2511 lsiston'a
814 2433 840 2509 i.
864 2462 897 2511 e.
917 2435 961 2511 in
979 2431 1115 2515 studio
1130 2429 1328 2526 hominis,
1343 2421 1536 2503 omnibus
1553 2415 1640 2526 ejus

260 2550 468 2663 partibus,
494 2549 745 2652 conditioni„
774 2554 879 2654 aetati
899 2598 952 2613 --
988 2552 1181 2651 infantiae,
1212 2541 1637 2643 adolesce11tiae‚aetati

259 2668 391 2772 virili,
409 2668 622 2783 decrepitae
649 2676 873 2777 senectuti,
910 2675 965 2753 its
993 2675 1234 2774 nationum,
1270 2696 1395 2779 quam
1412 2662 1639 2773 (dixerim)

260 2786 587 2893 individuorum,
615 2822 753 2896 curam
785 2814 827 2879 et
844 2794 1026 2888 studium
1052 2795 1290 2877 tribuemus.

313 2995 405 3074 Jsm
433 3018 482 3070 ex
507 2991 673 3072 humani
700 2995 860 3098 generis
880 2994 1064 3108 partibus
1090 2997 1293 3073 societater
1310 2991 1546 3091 bominum,
1562 3007 1639 3095 pro

196 3201 199 3206 ,
266 3113 423 3196 diversa
442 3113 599 3219 origine
628 3113 822 3224 cultuque
841 3115 1027 3218 diversae,
1049 3118 1261 3219 oriuntur,
1283 3143 1374 3227 quae
1391 3116 1520 3196 varias
1541 3112 1640 3190 item

265 3237 372 3316 inter
402 3261 467 3316 eas
487 3236 664 3314 rationes
684 3252 844 3334 creant;
862 3265 981 3348 quas,
1010 3241 1207 3347 quoniam
1224 3264 1272 3320 ex
1292 3256 1433 3319 mutue
1458 3237 1584 3315 inter*
1596 3259 1640 3311 se

265 3357 464 3438 relatione
484 3358 662 3436 civitates
692 3355 903 3452 dicuntur,
929 3387 1069 3441 omnes
1097 3391 1182 3442 uno
1201 3362 1378 3443 verbulo
1382 3363 1478 3469 jure
1495 3357 1640 3468 consu‘·
1667 3453 1673 3464 ι

267 3497 377 3559 tutas
407 3474 577 3576 dixeris3
597 3476 708 3559 unde
734 3480 900 3560 scientia
930 3485 1097 3591 propria
1131 3488 1261 3564 oritur
1290 3481 1557 3588 regendarum
1584 3477 1640 3552 ci·

266 3605 443 3681 oriamm.
459 3602 507 3682 ln
526 3627 606 3708 qua
625 3602 819 3710 quoniam
833 3603 917 3682 sive
940 3603 1073 3700 sileas,
1092 3607 1272 3686 sinerem
1289 3604 1405 3683 lubet
1421 3601 1640 3706 respicere,

267 3727 339 3804 'seu
358 3721 732 3832 'Jumpmdenmzm
758 3751 831 3805 seu
870 3725 1167 3810 OEconomiam
1194 3727 1408 3836 publicam
1432 3719 1639 3802 habebis:

268 3845 525 3954 conjunctam
551 3850 719 3928 omnino
747 3863 989 3932 nonnum
1006 3848 1144 3933 Graeci.
1167 3851 1367 3932 dixerunt.

320 4050 418 4136 Non
447 4076 545 4132 vero
572 4049 749 4140 bominis
774 4069 864 4152 est,
890 4054 1120 4164 perspicere
1154 4056 1384 4138 universam
1418 4049 1538 4130 simui
1567 4073 1639 4162 ns·

207 4177 210 4194 '
270 4189 432 4276 turam,
458 4174 693 4259 universum
724 4174 844 4269 simul
874 4202 1002 4283 genus
1034 4179 1268 4262 humanum.
1308 4177 1539 4285 Utrumque
1568 4190 1641 4280 per

278 4311 409 4399 Pffies
423 4323 620 4381 conamur
639 4325 648 4374 :
669 4314 710 4378 et
722 4298 831 4382 illam
846 4301 1013 4412 quidem
1034 4330 1108 4411 per
1127 4299 1525 4407 aetstes.mundi‚per
1544 4319 1642 4402 epo·
1734 4324 1738 4332 ·

275 4414 388 4517 obas,
406 4419 700 4506 siementorum
717 4425 865 4530 pugnis
877 4421 1069 4532 indictas,
1082 4453 1156 4536 per
1169 4453 1307 4508 rerum
1325 4418 1642 4513 vicissitudines,

275 4545 629 4645 commutationes,
649 4549 932 4632 conversiones
959 4576 972 4628 r
996 4548 1075 4630 boc
1100 4574 1199 4632 vero
1219 4579 1293 4658 per
1322 4566 1483 4654 tempus
1500 4557 1544 4619 et
1558 4561 1643 4643 spa·

1392 4716 1423 4786 7.
