4509 5875
829 683 885 752 m
909 683 1107 752 snrsru
1460 669 1467 678 “
1617 682 1663 755 23

797 885 860 936 nm
887 887 927 938 rv
955 886 1148 960 ocronnrs.

346 1049 487 1150 Quum
505 1045 579 1125 Vir
593 1042 696 1125 Clar.
718 1045 761 1125 F.
781 1048 813 1125 J.
831 1048 1019 1129 Hierion
1048 1048 1153 1128 Med.
1186 1047 1398 1128 Professor.
1421 1048 1518 1129 Ord.
1548 1067 1589 1129 et
1610 1077 1659 1130 eo

292 1189 476 1278 tempore
500 1169 648 1248 Rector
663 1165 896 1272 Magnificus
913 1168 965 1248 ad
984 1197 1047 1248 res
1060 1169 1234 1250 Medicas
1252 1172 1359 1249 terri
1372 1173 1552 1282 marique
1570 1171 1661 1251 loco

292 1293 368 1373 viri
380 1290 480 1370 Clar.
492 1289 531 1368 S.
543 1292 575 1369 J.
587 1291 799 1370 Brucusrs
810 1291 1111 1398 ‚intempestiva
1130 1305 1262 1370 morte
1271 1292 1407 1397 patriae
1417 1308 1458 1370 et
1467 1291 1660 1372 doctrinae

290 1413 416 1519 erepti
434 1473 445 1511 ‚
464 1411 708 1492 ordinandas
718 1411 1080 1523 gubernandasque
1091 1429 1409 1510 avocatusesset,
1423 1430 1464 1492 et
1480 1415 1659 1492 Serenis-

289 1537 401 1614 simae
419 1534 540 1640 Regis
559 1535 843 1638 Angustissimi
866 1534 1025 1614 Sororis
1051 1531 1279 1614 valetudine
1302 1535 1425 1640 Hagis
1452 1535 1658 1615 Comitum

287 1657 547 1754 retineretur,
561 1655 637 1754 ita,
657 1668 704 1733 ut
721 1681 869 1736 munus
884 1656 1063 1734 Rectoris
1082 1654 1254 1734 solemni
1284 1653 1408 1734 modo
1434 1670 1474 1734 et
1493 1655 1656 1762 praefixo

285 1791 468 1882 tempore
484 1777 652 1854 Loranii
668 1773 889 1882 deponere,
907 1793 947 1854 et
958 1778 1119 1883 praemia
1136 1775 1358 1855 victoribus
1372 1778 1417 1854 in
1440 1777 1656 1855 certamine

284 1894 459 1976 literario
474 1895 594 2004 hujus
608 1897 703 1975 anni
721 1895 773 1974 ab
788 1894 1012 1976 Ordinibus
1027 1895 1185 1977 decreta
1201 1895 1442 1976 distribuere
1458 1923 1544 1978 non
1560 1924 1653 2002 pos·

282 2033 362 2113 set;
383 2019 519 2096 aViro
537 2016 809 2097 Illustrissimo
819 2017 978 2096 Artium
992 2035 1033 2096 et
1042 2017 1353 2125 Disciplinarum
1367 2017 1537 2096 Summo
1552 2019 1655 2096 Prae-

281 2136 387 2216 fecto
414 2137 487 2216 luc
504 2138 555 2217 de
572 2166 616 2217 re
639 2137 762 2218 literae
773 2140 903 2216 missae
915 2137 1072 2218 suntad
1085 2135 1310 2216 Academiae
1324 2137 1550 2234 Curatores,
1560 2141 1653 2246 qui·

281 2259 360 2338 bus
371 2261 480 2339 Viris
490 2258 997 2368 Amplissimismandatum
1013 2276 1089 2360 est,
1108 2274 1156 2337 ut
1172 2257 1436 2337 nibilominus
1460 2257 1655 2336 lectiones

282 2379 527 2460 inchoandas
554 2398 594 2460 et
613 2408 763 2461 munus
790 2381 972 2460 Rectoris
992 2377 1192 2482 Magnifici
1217 2376 1271 2455 ab
1295 2377 1404 2456 iliius
1427 2405 1654 2458 successore

285 2497 493 2608 designato
514 2500 816 2609 suscipiendum
835 2516 1031 2580 curarent
1680 2523 1684 2530 ·

314 2771 319 2780 .
341 2709 442 2810 Quae
463 2711 597 2788 omnia
612 2735 704 2788 cum
725 2709 861 2790 aVir'o
870 2707 1129 2813 Amplissimo
1145 2707 1389 2789 Curatorum
1405 2707 1576 2787 Praeside
1605 2712 1648 2788 in

282 2829 449 2909 Senatus
470 2828 718 2938 Amplissimi
745 2843 950 2905 conventu
973 2824 1096 2904 relata
1111 2843 1267 2921 essent;
1284 2853 1414 2907 novus
1422 2829 1570 2906 Rector
1596 2831 1647 2908 Μ.

281 2950 313 3029 J.
333 2950 376 3028 F.
402 2948 602 3031 Snnrrmr
626 2946 907 3057 jusjurandum
928 2974 978 3025 ex
997 2945 1086 3053 lege
1103 2944 1304 3056 praestitit,
1321 2950 1395 3058 qui
1417 2950 1455 3027 ei
1476 2975 1551 3055 per
1581 2977 1651 3029 an·

279 3098 379 3150 num
409 3089 648 3181 sequentem
677 3070 862 3151 adessent
890 3068 1129 3149 ¹Adsessores
1159 3070 1276 3151 electi
1303 3087 1398 3150 sunt
1427 3097 1476 3149 ex
1495 3070 1650 3151 Ordine

279 3191 375 3271 Phil.
393 3210 434 3271 et
453 3194 544 3271 Litt.
567 3192 687 3270 Hum.
709 3193 784 3270 Vir
798 3191 899 3271 Clar.
915 3192 961 3269 A.
977 3192 1063 3270 Tru
1077 3192 1259 3271 Broncxn
1278 3192 1505 3290 Honssrm,
1517 3220 1566 3272 ex
1579 3194 1653 3271 Or

280 3310 374 3391 dine
390 3316 413 3392 J
415 3312 584 3391 Ctorum
602 3314 677 3390 Vir
687 3310 788 3390 Clar.
803 3312 853 3389 H.
865 3312 909 3390 F.
920 3314 1140 3409 Dncosrnn,
1156 3340 1208 3391 ex
1226 3311 1380 3393 Ordine
1398 3312 1650 3393 Medicorum

279 3433 353 3511 Vir
372 3432 473 3534 Qiar.
495 3434 544 3543 G.
571 3436 605 3514 J.
625 3435 714 3512 Vm
733 3432 1059 3531 Gonnus-scurror,
1078 3450 1119 3511 et
1141 3432 1309 3511 Senatus
1325 3434 1587 3539 Graphiarius
1606 3434 1651 3510 in

262 3553 467 3635 eumdem
489 3582 642 3635 annum
664 3554 892 3660 designatus
918 3569 978 3632 est
1005 3554 1079 3632 Vir
1104 3552 1205 3633 Clar.
1222 3554 1265 3633 C.
1285 3554 1328 3632 F.
1349 3557 1523 3639 Jscusnr
1544 3554 1649 3632 Med.

277 3675 379 3756 Prof.
406 3677 504 3756 Ord.
535 3678 754 3784 (Solemnis
785 3675 987 3757 abdicatio
1013 3692 1055 3753 et
1075 3676 1335 3781 praemiorum
1353 3676 1405 3754 ab
1424 3674 1649 3755 Ordinibus

279 3796 535 3877 decretorum
553 3797 785 3879 distributio
800 3799 936 3877 aViro
960 3795 1144 3904 Ampliss.
1163 3798 1207 3876 F.
1226 3798 1259 3876 J.
1276 3784 1463 3876 Haemus
1484 3794 1648 3876 demum

124 3950 131 3965 ·
278 3915 344 3997 die
371 3920 449 3997 XX
471 3918 595 4025 April.
614 3917 876 4000 MDCCCXX
898 3919 942 3996 in
970 3917 1060 3995 auls
1090 3916 1325 3997 Academici
1359 3915 1534 4024 publice
1548 3915 1649 3994 facta

279 4054 338 4116 est
363 4036 629 4145 praesentibus
647 4038 870 4122 Academiae
884 4039 1163 4149 Curatoribus,
1175 4037 1484 4147 Professoribm,
1501 4040 1644 4117 Lecto-

278 4154 391 4239 ribus
411 4178 451 4239 et
471 4158 698 4264 Studiosis.)
