<?xml version="1.0" encoding="UTF-8"?>
<!DOCTYPE html PUBLIC "-//W3C//DTD XHTML 1.0 Transitional//EN"
    "http://www.w3.org/TR/xhtml1/DTD/xhtml1-transitional.dtd">
<html xmlns="http://www.w3.org/1999/xhtml" xml:lang="en" lang="en">
 <head>
  <title>
</title>
<meta http-equiv="Content-Type" content="text/html;charset=utf-8" />
  <meta name='ocr-system' content='tesseract 3.04.00' />
  <meta name='ocr-capabilities' content='ocr_page ocr_carea ocr_par ocr_line ocrx_word'/>
</head>
<body>
  <div class='ocr_page' id='page_1' title='image "annalesacademia00goog_0365.png"; bbox 0 0 4509 5875; ppageno 0'>
   <div class='ocr_carea' id='block_1_1' title="bbox 688 577 1700 726">
    <p class='ocr_par' dir='ltr' id='par_1_1' title="bbox 688 577 1700 726">
     <span class='ocr_line' id='line_1_1' title="bbox 688 577 1700 726; baseline 0.004 -28"><span class='ocrx_word' id='word_1_1' title='bbox 688 625 988 698; x_wconf 74' lang='lat' dir='ltr'><strong>suoumsms</strong></span> <span class='ocrx_word' id='word_1_2' title='bbox 1013 625 1250 698; x_wconf 78' lang='lat' dir='ltr'><strong>mconuu.</strong></span> <span class='ocrx_word' id='word_1_3' title='bbox 1323 615 1326 628; x_wconf 83' lang='grc'><em>·</em></span> <span class='ocrx_word' id='word_1_4' title='bbox 1619 653 1662 726; x_wconf 82' lang='lat'><strong>71</strong></span> <span class='ocrx_word' id='word_1_5' title='bbox 1697 577 1700 582; x_wconf 34' lang='lat'>⁵</span> 
     </span>
    </p>
   </div>
   <div class='ocr_carea' id='block_1_2' title="bbox 284 803 1719 1283">
    <p class='ocr_par' dir='ltr' id='par_1_2' title="bbox 284 803 1719 1283">
     <span class='ocr_line' id='line_1_2' title="bbox 285 803 1662 914; baseline 0 -23"><span class='ocrx_word' id='word_1_6' title='bbox 285 808 367 891; x_wconf 69' lang='lat' dir='ltr'><strong>roli&#39;</strong></span> <span class='ocrx_word' id='word_1_7' title='bbox 378 808 597 912; x_wconf 78' lang='lat' dir='ltr'><strong>Calvi-(1),</strong></span> <span class='ocrx_word' id='word_1_8' title='bbox 623 831 708 914; x_wconf 91' lang='lat' dir='ltr'><strong>quo</strong></span> <span class='ocrx_word' id='word_1_9' title='bbox 737 805 958 888; x_wconf 83' lang='lat' dir='ltr'><strong>Niveliensi</strong></span> <span class='ocrx_word' id='word_1_10' title='bbox 989 806 1045 886; x_wconf 91' lang='lat' dir='ltr'><strong>St.</strong></span> <span class='ocrx_word' id='word_1_11' title='bbox 1083 803 1301 887; x_wconf 77' lang='lat' dir='ltr'><strong>Gemudis</strong></span> <span class='ocrx_word' id='word_1_12' title='bbox 1328 807 1524 890; x_wconf 76' lang='lat' dir='ltr'><strong>&#39;coenobio</strong></span> <span class='ocrx_word' id='word_1_13' title='bbox 1562 838 1662 892; x_wconf 82' lang='lat' dir='ltr'><strong>con-</strong></span> 
     </span>
     <span class='ocr_line' id='line_1_3' title="bbox 286 927 1664 1042; baseline 0.003 -30"><span class='ocrx_word' id='word_1_14' title='bbox 286 931 516 1012; x_wconf 85' lang='lat' dir='ltr'><strong>firmatione</strong></span> <span class='ocrx_word' id='word_1_15' title='bbox 536 928 806 1012; x_wconf 85' lang='lat' dir='ltr'><strong>Zwentiboldi</strong></span> <span class='ocrx_word' id='word_1_16' title='bbox 828 932 935 1035; x_wconf 85' lang='lat' dir='ltr'><strong>regis</strong></span> <span class='ocrx_word' id='word_1_17' title='bbox 956 959 989 1008; x_wconf 90' lang='lat' dir='ltr'><strong>a.</strong></span> <span class='ocrx_word' id='word_1_18' title='bbox 1008 927 1086 1038; x_wconf 87' lang='lat'><strong>897</strong></span> <span class='ocrx_word' id='word_1_19' title='bbox 1106 936 1186 1035; x_wconf 78' lang='lat' dir='ltr'><strong>(s);</strong></span> <span class='ocrx_word' id='word_1_20' title='bbox 1205 927 1384 1042; x_wconf 84' lang='lat' dir='ltr'><strong>denique</strong></span> <span class='ocrx_word' id='word_1_21' title='bbox 1401 933 1446 1012; x_wconf 91' lang='lat' dir='ltr'><strong>in</strong></span> <span class='ocrx_word' id='word_1_22' title='bbox 1464 931 1664 1018; x_wconf 86' lang='lat' dir='ltr'><strong>divisione</strong></span> 
     </span>
     <span class='ocr_line' id='line_1_4' title="bbox 285 1049 1719 1166; baseline 0.002 -31"><span class='ocrx_word' id='word_1_23' title='bbox 285 1053 582 1135; x_wconf 85' lang='lat' dir='ltr'><strong>Nivellensium</strong></span> <span class='ocrx_word' id='word_1_24' title='bbox 619 1051 846 1153; x_wconf 73' lang='lat' dir='ltr'><strong>bonorum,</strong></span> <span class='ocrx_word' id='word_1_25' title='bbox 882 1053 926 1129; x_wconf 92' lang='lat' dir='ltr'><strong>in</strong></span> <span class='ocrx_word' id='word_1_26' title='bbox 960 1052 1042 1160; x_wconf 70' lang='lat' dir='ltr'><strong>qud</strong></span> <span class='ocrx_word' id='word_1_27' title='bbox 1069 1050 1122 1131; x_wconf 82' lang='lat' dir='ltr'><strong>ab</strong></span> <span class='ocrx_word' id='word_1_28' title='bbox 1160 1049 1341 1132; x_wconf 88' lang='lat' dir='ltr'><strong>Henrico</strong></span> <span class='ocrx_word' id='word_1_29' title='bbox 1369 1054 1470 1162; x_wconf 89' lang='lat' dir='ltr'><strong>Imp.</strong></span> <span class='ocrx_word' id='word_1_30' title='bbox 1498 1085 1531 1135; x_wconf 87' lang='lat' dir='ltr'><strong>a.</strong></span> <span class='ocrx_word' id='word_1_31' title='bbox 1567 1057 1668 1166; x_wconf 84' lang='lat'><strong>1059</strong></span> <span class='ocrx_word' id='word_1_32' title='bbox 1715 1159 1719 1166; x_wconf 25' lang='grc' dir='ltr'>Ι</span> 
     </span>
     <span class='ocr_line' id='line_1_5' title="bbox 284 1172 1668 1283; baseline 0.001 -27"><span class='ocrx_word' id='word_1_33' title='bbox 284 1175 453 1256; x_wconf 74' lang='lat' dir='ltr'><strong>eeclesia</strong></span> <span class='ocrx_word' id='word_1_34' title='bbox 463 1192 505 1255; x_wconf 87' lang='lat' dir='ltr'><strong>et</strong></span> <span class='ocrx_word' id='word_1_35' title='bbox 519 1174 625 1253; x_wconf 73' lang='lat' dir='ltr'><strong>edla</strong></span> <span class='ocrx_word' id='word_1_36' title='bbox 642 1175 684 1252; x_wconf 88' lang='lat' dir='ltr'><em>F</em></span> <span class='ocrx_word' id='word_1_37' title='bbox 679 1189 853 1252; x_wconf 73' lang='lat' dir='ltr'><strong>ereetum</strong></span> <span class='ocrx_word' id='word_1_38' title='bbox 865 1172 1201 1278; x_wconf 77' lang='lat' dir='ltr'><strong>congregationis</strong></span> <span class='ocrx_word' id='word_1_39' title='bbox 1211 1175 1318 1280; x_wconf 78' lang='lat' dir='ltr'><strong>parti</strong></span> <span class='ocrx_word' id='word_1_40' title='bbox 1333 1175 1579 1258; x_wconf 78' lang='lat' dir='ltr'><strong>adscribitur</strong></span> <span class='ocrx_word' id='word_1_41' title='bbox 1597 1180 1668 1283; x_wconf 83' lang='lat'><strong>(3).</strong></span> 
     </span>
    </p>
   </div>
   <div class='ocr_carea' id='block_1_3' title="bbox 284 1371 1671 1605">
    <p class='ocr_par' dir='ltr' id='par_1_3' title="bbox 284 1371 1671 1605">
     <span class='ocr_line' id='line_1_6' title="bbox 339 1371 1671 1488; baseline 0.002 -32"><span class='ocrx_word' id='word_1_42' title='bbox 339 1377 450 1459; x_wconf 77' lang='lat' dir='ltr'><strong>Gsm</strong></span> <span class='ocrx_word' id='word_1_43' title='bbox 481 1374 556 1483; x_wconf 90' lang='lat' dir='ltr'><strong>(h.</strong></span> <span class='ocrx_word' id='word_1_44' title='bbox 575 1371 707 1456; x_wconf 86' lang='lat' dir='ltr'><strong>Gheel</strong></span> <span class='ocrx_word' id='word_1_45' title='bbox 731 1401 761 1453; x_wconf 90' lang='lat' dir='ltr'><strong>s.</strong></span> <span class='ocrx_word' id='word_1_46' title='bbox 791 1371 940 1476; x_wconf 77' lang='lat' dir='ltr'><strong>Geel),</strong></span> <span class='ocrx_word' id='word_1_47' title='bbox 959 1371 1053 1453; x_wconf 85' lang='lat' dir='ltr'><strong>villa</strong></span> <span class='ocrx_word' id='word_1_48' title='bbox 1072 1401 1220 1484; x_wconf 82' lang='lat' dir='ltr'><strong>quam,</strong></span> <span class='ocrx_word' id='word_1_49' title='bbox 1252 1376 1484 1487; x_wconf 75' lang='lat' dir='ltr'><strong>Autwerpid</strong></span> <span class='ocrx_word' id='word_1_50' title='bbox 1515 1393 1671 1488; x_wconf 83' lang='lat' dir='ltr'><strong>patrem</strong></span> 
     </span>
     <span class='ocr_line' id='line_1_7' title="bbox 284 1494 1026 1605; baseline -0.005 -29"><span class='ocrx_word' id='word_1_51' title='bbox 284 1497 469 1604; x_wconf 81' lang='lat' dir='ltr'><strong>fugiens,</strong></span> <span class='ocrx_word' id='word_1_52' title='bbox 490 1499 528 1577; x_wconf 92' lang='lat' dir='ltr'><strong>S.</strong></span> <span class='ocrx_word' id='word_1_53' title='bbox 549 1495 738 1605; x_wconf 81' lang='lat' dir='ltr'><strong>Dympha</strong></span> <span class='ocrx_word' id='word_1_54' title='bbox 755 1494 939 1576; x_wconf 89' lang='lat' dir='ltr'><strong>condidit</strong></span> <span class='ocrx_word' id='word_1_55' title='bbox 953 1495 1026 1604; x_wconf 73' lang='grc'>(4).</span> 
     </span>
    </p>
   </div>
   <div class='ocr_carea' id='block_1_4' title="bbox 283 1694 1679 2054">
    <p class='ocr_par' dir='ltr' id='par_1_4' title="bbox 283 1694 1679 2054">
     <span class='ocr_line' id='line_1_8' title="bbox 337 1694 1667 1803; baseline 0.002 -25"><span class='ocrx_word' id='word_1_56' title='bbox 337 1700 486 1778; x_wconf 71' lang='lat' dir='ltr'><strong>Hsuus</strong></span> <span class='ocrx_word' id='word_1_57' title='bbox 524 1698 584 1803; x_wconf 87' lang='lat' dir='ltr'><strong>(h.</strong></span> <span class='ocrx_word' id='word_1_58' title='bbox 617 1698 832 1802; x_wconf 78' lang='lat' dir='ltr'><strong>Hamme),</strong></span> <span class='ocrx_word' id='word_1_59' title='bbox 858 1697 971 1775; x_wconf 87' lang='lat' dir='ltr'><strong>locus</strong></span> <span class='ocrx_word' id='word_1_60' title='bbox 1006 1694 1058 1775; x_wconf 85' lang='lat' dir='ltr'><strong>ad</strong></span> <span class='ocrx_word' id='word_1_61' title='bbox 1082 1697 1215 1776; x_wconf 84' lang='lat' dir='ltr'><strong>Nithae</strong></span> <span class='ocrx_word' id='word_1_62' title='bbox 1247 1697 1398 1802; x_wconf 77' lang='lat' dir='ltr'><strong>fontes,</strong></span> <span class='ocrx_word' id='word_1_63' title='bbox 1425 1699 1483 1780; x_wconf 80' lang='lat' dir='ltr'><strong>in&#39;</strong></span> <span class='ocrx_word' id='word_1_64' title='bbox 1499 1699 1580 1780; x_wconf 81' lang='lat' dir='ltr'><strong>vita</strong></span> <span class='ocrx_word' id='word_1_65' title='bbox 1613 1700 1667 1782; x_wconf 88' lang='lat' dir='ltr'><strong>St.</strong></span> 
     </span>
     <span class='ocr_line' id='line_1_9' title="bbox 289 1817 1666 1928; baseline -0.001 -26"><span class='ocrx_word' id='word_1_66' title='bbox 289 1821 501 1902; x_wconf 83' lang='lat' dir='ltr'><strong>Trudonis</strong></span> <span class='ocrx_word' id='word_1_67' title='bbox 524 1820 601 1924; x_wconf 80' lang='grc'>(5),</span> <span class='ocrx_word' id='word_1_68' title='bbox 632 1817 684 1898; x_wconf 86' lang='lat' dir='ltr'><strong>ad</strong></span> <span class='ocrx_word' id='word_1_69' title='bbox 718 1817 987 1901; x_wconf 82' lang='lat' dir='ltr'><strong>Taxandriam</strong></span> <span class='ocrx_word' id='word_1_70' title='bbox 1011 1820 1238 1928; x_wconf 78' lang='lat' dir='ltr'><strong>pertinens,</strong></span> <span class='ocrx_word' id='word_1_71' title='bbox 1261 1819 1492 1926; x_wconf 83' lang='lat' dir='ltr'><strong>adducitur,</strong></span> <span class='ocrx_word' id='word_1_72' title='bbox 1517 1838 1610 1904; x_wconf 85' lang='lat' dir='ltr'><strong>ante</strong></span> <span class='ocrx_word' id='word_1_73' title='bbox 1643 1851 1666 1900; x_wconf 82' lang='lat' dir='ltr'>a</span> 
     </span>
     <span class='ocr_line' id='line_1_10' title="bbox 283 1937 1679 2054; baseline -0.002 -30"><span class='ocrx_word' id='word_1_74' title='bbox 283 1937 430 2054; x_wconf 84' lang='lat' dir='ltr'><strong>Pipino</strong></span> <span class='ocrx_word' id='word_1_75' title='bbox 450 1943 698 2026; x_wconf 86' lang='lat' dir='ltr'><strong>monasterio</strong></span> <span class='ocrx_word' id='word_1_76' title='bbox 724 1944 848 2024; x_wconf 85' lang='lat' dir='ltr'><strong>sancti</strong></span> <span class='ocrx_word' id='word_1_77' title='bbox 876 1942 985 2026; x_wconf 89' lang='lat' dir='ltr'><strong>illius</strong></span> <span class='ocrx_word' id='word_1_78' title='bbox 1009 1941 1190 2024; x_wconf 84' lang='lat' dir='ltr'><strong>traditus.</strong></span> <span class='ocrx_word' id='word_1_79' title='bbox 1674 1951 1679 1960; x_wconf 76' lang='grc'><em>’</em></span> 
     </span>
    </p>
   </div>
   <div class='ocr_carea' id='block_1_5' title="bbox 224 2134 1666 2461">
    <p class='ocr_par' dir='ltr' id='par_1_5' title="bbox 224 2134 1666 2461">
     <span class='ocr_line' id='line_1_11' title="bbox 337 2134 1666 2246; baseline 0 -32"><span class='ocrx_word' id='word_1_80' title='bbox 337 2137 519 2238; x_wconf 65' lang='lat' dir='ltr'><strong>Hermu,</strong></span> <span class='ocrx_word' id='word_1_81' title='bbox 553 2134 786 2216; x_wconf 76' lang='lat' dir='ltr'><strong>locustum</strong></span> <span class='ocrx_word' id='word_1_82' title='bbox 822 2136 991 2246; x_wconf 86' lang='lat' dir='ltr'><strong>Empele</strong></span> <span class='ocrx_word' id='word_1_83' title='bbox 1012 2136 1057 2216; x_wconf 87' lang='lat' dir='ltr'><strong>in</strong></span> <span class='ocrx_word' id='word_1_84' title='bbox 1084 2134 1217 2218; x_wconf 86' lang='lat' dir='ltr'><strong>tradit.</strong></span> <span class='ocrx_word' id='word_1_85' title='bbox 1236 2135 1480 2216; x_wconf 83' lang='lat' dir='ltr'><strong>Lsurisham.</strong></span> <span class='ocrx_word' id='word_1_86' title='bbox 1518 2161 1666 2217; x_wconf 83' lang='lat' dir='ltr'><strong>occur·</strong></span> 
     </span>
     <span class='ocr_line' id='line_1_12' title="bbox 224 2257 1662 2371; baseline -0.001 -33"><span class='ocrx_word' id='word_1_87' title='bbox 224 2339 230 2345; x_wconf 82' lang='grc'>,</span> <span class='ocrx_word' id='word_1_88' title='bbox 285 2285 379 2339; x_wconf 87' lang='lat' dir='ltr'><strong>rens</strong></span> <span class='ocrx_word' id='word_1_89' title='bbox 410 2257 488 2363; x_wconf 82' lang='lat'><strong>(6),</strong></span> <span class='ocrx_word' id='word_1_90' title='bbox 518 2285 643 2371; x_wconf 82' lang='lat' dir='ltr'><strong>quem</strong></span> <span class='ocrx_word' id='word_1_91' title='bbox 674 2258 719 2337; x_wconf 86' lang='lat' dir='ltr'><strong>iu</strong></span> <span class='ocrx_word' id='word_1_92' title='bbox 747 2259 839 2339; x_wconf 87' lang='lat' dir='ltr'><strong>loco</strong></span> <span class='ocrx_word' id='word_1_93' title='bbox 871 2259 1004 2338; x_wconf 83' lang='lat' dir='ltr'><strong>Hedel</strong></span> <span class='ocrx_word' id='word_1_94' title='bbox 1027 2259 1079 2340; x_wconf 84' lang='lat' dir='ltr'><strong>ad</strong></span> <span class='ocrx_word' id='word_1_95' title='bbox 1108 2261 1263 2340; x_wconf 87' lang='lat' dir='ltr'><strong>Mosam</strong></span> <span class='ocrx_word' id='word_1_96' title='bbox 1281 2259 1385 2366; x_wconf 84' lang='lat' dir='ltr'><strong>sito,</strong></span> <span class='ocrx_word' id='word_1_97' title='bbox 1401 2262 1662 2368; x_wconf 83' lang='lat' dir='ltr'><strong>superstitem</strong></span> 
     </span>
     <span class='ocr_line' id='line_1_13' title="bbox 287 2379 470 2461; baseline 0 -1"><span class='ocrx_word' id='word_1_98' title='bbox 287 2379 470 2461; x_wconf 85' lang='lat' dir='ltr'><strong>credunt.</strong></span> 
     </span>
    </p>
   </div>
   <div class='ocr_carea' id='block_1_6' title="bbox 343 2579 1668 2691">
    <p class='ocr_par' dir='ltr' id='par_1_6' title="bbox 343 2579 1668 2691">
     <span class='ocr_line' id='line_1_14' title="bbox 343 2579 1668 2691; baseline 0 -33"><span class='ocrx_word' id='word_1_99' title='bbox 343 2581 638 2660; x_wconf 67' lang='lat' dir='ltr'><strong>Htw-limum</strong></span> <span class='ocrx_word' id='word_1_100' title='bbox 666 2580 724 2686; x_wconf 90' lang='lat' dir='ltr'><strong>(h.</strong></span> <span class='ocrx_word' id='word_1_101' title='bbox 743 2579 1026 2686; x_wconf 79' lang='lat' dir='ltr'><strong>Hilverbeek),</strong></span> <span class='ocrx_word' id='word_1_102' title='bbox 1042 2581 1137 2663; x_wconf 86' lang='lat' dir='ltr'><strong>villa</strong></span> <span class='ocrx_word' id='word_1_103' title='bbox 1159 2583 1273 2691; x_wconf 86' lang='lat' dir='ltr'><strong>cujus</strong></span> <span class='ocrx_word' id='word_1_104' title='bbox 1286 2609 1437 2664; x_wconf 87' lang='lat' dir='ltr'><strong>nomen</strong></span> <span class='ocrx_word' id='word_1_105' title='bbox 1457 2610 1482 2660; x_wconf 83' lang='lat' dir='ltr'><strong>a</strong></span> <span class='ocrx_word' id='word_1_106' title='bbox 1497 2580 1536 2659; x_wconf 86' lang='lat' dir='ltr'><strong>fl.</strong></span> <span class='ocrx_word' id='word_1_107' title='bbox 1561 2581 1668 2658; x_wconf 81' lang='lat' dir='ltr'><strong>Hul-</strong></span> 
     </span>
    </p>
   </div>
   <div class='ocr_carea' id='block_1_7' title="bbox 291 2699 1669 2933">
    <p class='ocr_par' dir='ltr' id='par_1_7' title="bbox 291 2699 1669 2933">
     <span class='ocr_line' id='line_1_15' title="bbox 293 2699 1669 2813; baseline 0 -32"><span class='ocrx_word' id='word_1_108' title='bbox 293 2731 374 2794; x_wconf 76' lang='grc' dir='ltr'><strong>νον,</strong></span> <span class='ocrx_word' id='word_1_109' title='bbox 401 2699 452 2781; x_wconf 88' lang='lat' dir='ltr'><strong>ad</strong></span> <span class='ocrx_word' id='word_1_110' title='bbox 478 2729 603 2813; x_wconf 89' lang='lat' dir='ltr'><strong>quem</strong></span> <span class='ocrx_word' id='word_1_111' title='bbox 629 2703 704 2781; x_wconf 87' lang='lat' dir='ltr'><strong>sita</strong></span> <span class='ocrx_word' id='word_1_112' title='bbox 720 2720 802 2805; x_wconf 80' lang='lat' dir='ltr'><strong>est,</strong></span> <span class='ocrx_word' id='word_1_113' title='bbox 820 2701 1064 2782; x_wconf 86' lang='lat' dir='ltr'><strong>ducendum.</strong></span> <span class='ocrx_word' id='word_1_114' title='bbox 1084 2704 1194 2784; x_wconf 81' lang='lat' dir='ltr'><strong>Jacet</strong></span> <span class='ocrx_word' id='word_1_115' title='bbox 1215 2705 1260 2782; x_wconf 90' lang='lat' dir='ltr'><strong>in</strong></span> <span class='ocrx_word' id='word_1_116' title='bbox 1287 2703 1521 2786; x_wconf 83' lang='lat' dir='ltr'><strong>Taxandriae</strong></span> <span class='ocrx_word' id='word_1_117' title='bbox 1540 2700 1669 2782; x_wconf 89' lang='lat' dir='ltr'><strong>medi·</strong></span> 
     </span>
     <span class='ocr_line' id='line_1_16' title="bbox 291 2823 500 2933; baseline -0.01 -29"><span class='ocrx_word' id='word_1_118' title='bbox 291 2823 408 2904; x_wconf 77' lang='lat' dir='ltr'><strong>ttdlio</strong></span> <span class='ocrx_word' id='word_1_119' title='bbox 431 2823 500 2933; x_wconf 80' lang='lat'><strong>(7).</strong></span> 
     </span>
    </p>
   </div>
   <div class='ocr_carea' id='block_1_8' title="bbox 292 3009 1668 3242">
    <p class='ocr_par' dir='ltr' id='par_1_8' title="bbox 292 3009 1668 3242">
     <span class='ocr_line' id='line_1_17' title="bbox 344 3009 1668 3126; baseline 0.004 -32"><span class='ocrx_word' id='word_1_120' title='bbox 344 3017 626 3094; x_wconf 75' lang='lat' dir='ltr'><strong>Hmsusuomu</strong></span> <span class='ocrx_word' id='word_1_121' title='bbox 647 3012 706 3120; x_wconf 84' lang='lat' dir='ltr'><strong>(h.</strong></span> <span class='ocrx_word' id='word_1_122' title='bbox 721 3009 963 3119; x_wconf 74' lang='lat' dir='ltr'><strong>Eynschot)‚</strong></span> <span class='ocrx_word' id='word_1_123' title='bbox 977 3009 1030 3090; x_wconf 82' lang='lat' dir='ltr'><strong>ad</strong></span> <span class='ocrx_word' id='word_1_124' title='bbox 1047 3014 1245 3119; x_wconf 84' lang='lat' dir='ltr'><strong>Digenam</strong></span> <span class='ocrx_word' id='word_1_125' title='bbox 1264 3013 1321 3119; x_wconf 65' lang='grc' dir='ltr'><strong>ἕ),</strong></span> <span class='ocrx_word' id='word_1_126' title='bbox 1338 3014 1485 3097; x_wconf 82' lang='lat' dir='ltr'><strong>obvius</strong></span> <span class='ocrx_word' id='word_1_127' title='bbox 1505 3019 1548 3099; x_wconf 87' lang='lat' dir='ltr'><strong>in</strong></span> <span class='ocrx_word' id='word_1_128' title='bbox 1567 3044 1668 3126; x_wconf 77' lang='lat' dir='ltr'><strong>saepe</strong></span> 
     </span>
     <span class='ocr_line' id='line_1_18' title="bbox 292 3134 1324 3242; baseline 0.002 -25"><span class='ocrx_word' id='word_1_129' title='bbox 292 3134 453 3219; x_wconf 83' lang='lat' dir='ltr'><strong>laudato</strong></span> <span class='ocrx_word' id='word_1_130' title='bbox 479 3136 535 3217; x_wconf 91' lang='lat' dir='ltr'><strong>St.</strong></span> <span class='ocrx_word' id='word_1_131' title='bbox 557 3134 827 3215; x_wconf 88' lang='lat' dir='ltr'><strong>Willebrordi</strong></span> <span class='ocrx_word' id='word_1_132' title='bbox 850 3150 1090 3216; x_wconf 82' lang='lat' dir='ltr'><strong>testamento</strong></span> <span class='ocrx_word' id='word_1_133' title='bbox 1107 3135 1176 3242; x_wconf 88' lang='lat'><strong>(8).</strong></span> <span class='ocrx_word' id='word_1_134' title='bbox 1321 3164 1324 3171; x_wconf 74' lang='grc'><em>’</em></span> 
     </span>
    </p>
   </div>
   <div class='ocr_carea' id='block_1_9' title="bbox 344 3326 1667 3442">
    <p class='ocr_par' dir='ltr' id='par_1_9' title="bbox 344 3326 1667 3442">
     <span class='ocr_line' id='line_1_19' title="bbox 344 3326 1667 3442; baseline 0.002 -34"><span class='ocrx_word' id='word_1_135' title='bbox 344 3331 530 3410; x_wconf 74' lang='lat' dir='ltr'><strong>Humum</strong></span> <span class='ocrx_word' id='word_1_136' title='bbox 565 3329 623 3436; x_wconf 89' lang='lat' dir='ltr'><strong>(h.</strong></span> <span class='ocrx_word' id='word_1_137' title='bbox 652 3326 888 3435; x_wconf 80' lang='lat' dir='ltr'><strong>Hoesden),</strong></span> <span class='ocrx_word' id='word_1_138' title='bbox 914 3328 1044 3433; x_wconf 75' lang='lat' dir='ltr'><strong>iocus,</strong></span> <span class='ocrx_word' id='word_1_139' title='bbox 1068 3354 1194 3437; x_wconf 83' lang='lat' dir='ltr'><strong>quem</strong></span> <span class='ocrx_word' id='word_1_140' title='bbox 1213 3329 1271 3421; x_wconf 66' lang='lat' dir='ltr'><strong>in,</strong></span> <span class='ocrx_word' id='word_1_141' title='bbox 1285 3328 1450 3411; x_wconf 77' lang='lat' dir='ltr'><strong>Hulsele</strong></span> <span class='ocrx_word' id='word_1_142' title='bbox 1466 3329 1535 3410; x_wconf 83' lang='lat' dir='ltr'><strong>elii</strong></span> <span class='ocrx_word' id='word_1_143' title='bbox 1559 3356 1667 3442; x_wconf 78' lang='lat' dir='ltr'><strong>quoe·</strong></span> 
     </span>
    </p>
   </div>
   <div class='ocr_carea' id='block_1_10' title="bbox 336 3520 815 3748">
    <p class='ocr_par' dir='ltr' id='par_1_10' title="bbox 336 3520 815 3748">
     <span class='ocr_line' id='line_1_20' title="bbox 336 3520 815 3611; baseline 0.006 -26"><span class='ocrx_word' id='word_1_144' title='bbox 336 3520 386 3611; x_wconf 87' lang='lat'><strong>(1)</strong></span> <span class='ocrx_word' id='word_1_145' title='bbox 407 3520 680 3609; x_wconf 70' lang='lat' dir='ltr'><strong>Mtsmop.d1p1.</strong></span> <span class='ocrx_word' id='word_1_146' title='bbox 695 3521 721 3587; x_wconf 88' lang='lat'><strong>1.</strong></span> <span class='ocrx_word' id='word_1_147' title='bbox 740 3521 815 3588; x_wconf 68' lang='grc' dir='ltr'><strong>ὅσα.</strong></span> 
     </span>
     <span class='ocr_line' id='line_1_21' title="bbox 337 3656 705 3748; baseline -0.008 -23"><span class='ocrx_word' id='word_1_148' title='bbox 337 3659 386 3748; x_wconf 76' lang='lat'><strong>(2)</strong></span> <span class='ocrx_word' id='word_1_149' title='bbox 407 3657 492 3723; x_wconf 73' lang='lat' dir='ltr'><strong>thid.</strong></span> <span class='ocrx_word' id='word_1_150' title='bbox 507 3658 529 3722; x_wconf 93' lang='lat' dir='ltr'><strong>l.</strong></span> <span class='ocrx_word' id='word_1_151' title='bbox 545 3680 573 3724; x_wconf 91' lang='lat' dir='ltr'><strong>c.</strong></span> <span class='ocrx_word' id='word_1_152' title='bbox 589 3662 613 3722; x_wconf 89' lang='lat'><strong>1.</strong></span> <span class='ocrx_word' id='word_1_153' title='bbox 631 3656 705 3724; x_wconf 81' lang='lat'><strong>503.</strong></span> 
     </span>
    </p>
   </div>
   <div class='ocr_carea' id='block_1_11' title="bbox 337 3798 1181 4589">
    <p class='ocr_par' dir='ltr' id='par_1_11' title="bbox 338 3798 707 3888">
     <span class='ocr_line' id='line_1_22' title="bbox 338 3798 707 3888; baseline -0.005 -21"><span class='ocrx_word' id='word_1_154' title='bbox 338 3800 388 3888; x_wconf 79' lang='lat'><strong>(³)</strong></span> <span class='ocrx_word' id='word_1_155' title='bbox 411 3800 496 3864; x_wconf 80' lang='lat' dir='ltr'><strong>Ibid.</strong></span> <span class='ocrx_word' id='word_1_156' title='bbox 513 3798 536 3863; x_wconf 90' lang='lat' dir='ltr'><strong>l.</strong></span> <span class='ocrx_word' id='word_1_157' title='bbox 550 3821 579 3864; x_wconf 81' lang='lat' dir='ltr'><strong>e.</strong></span> <span class='ocrx_word' id='word_1_158' title='bbox 594 3800 618 3864; x_wconf 88' lang='lat'><strong>1.</strong></span> <span class='ocrx_word' id='word_1_159' title='bbox 631 3798 707 3865; x_wconf 80' lang='lat'><strong>510.</strong></span> 
     </span>
    </p>

    <p class='ocr_par' dir='ltr' id='par_1_12' title="bbox 338 3937 906 4027">
     <span class='ocr_line' id='line_1_23' title="bbox 338 3937 906 4027; baseline -0.005 -20"><span class='ocrx_word' id='word_1_160' title='bbox 338 3939 386 4027; x_wconf 70' lang='lat' dir='ltr'><strong>(ai)</strong></span> <span class='ocrx_word' id='word_1_161' title='bbox 407 3941 483 4005; x_wconf 82' lang='lat' dir='ltr'><strong>Act.</strong></span> <span class='ocrx_word' id='word_1_162' title='bbox 498 3937 550 4004; x_wconf 83' lang='lat' dir='ltr'><strong>SS.</strong></span> <span class='ocrx_word' id='word_1_163' title='bbox 565 3938 654 4026; x_wconf 73' lang='lat' dir='ltr'><strong>leg.</strong></span> <span class='ocrx_word' id='word_1_164' title='bbox 669 3939 707 4007; x_wconf 85' lang='lat' dir='ltr'><strong>V.</strong></span> <span class='ocrx_word' id='word_1_165' title='bbox 726 3937 809 4019; x_wconf 74' lang='lat'><strong>314,</strong></span> <span class='ocrx_word' id='word_1_166' title='bbox 830 3937 906 4005; x_wconf 77' lang='lat'><strong>326.</strong></span> 
     </span>
    </p>

    <p class='ocr_par' dir='ltr' id='par_1_13' title="bbox 340 4078 627 4166">
     <span class='ocr_line' id='line_1_24' title="bbox 340 4078 627 4166; baseline -0.003 -22"><span class='ocrx_word' id='word_1_167' title='bbox 340 4078 390 4166; x_wconf 78' lang='lat'><strong>(5)</strong></span> <span class='ocrx_word' id='word_1_168' title='bbox 414 4078 500 4143; x_wconf 83' lang='lat' dir='ltr'><strong>Ibid.</strong></span> <span class='ocrx_word' id='word_1_169' title='bbox 517 4081 558 4143; x_wconf 89' lang='lat'><strong>11.</strong></span> <span class='ocrx_word' id='word_1_170' title='bbox 577 4100 627 4143; x_wconf 82' lang='grc' dir='ltr'><strong>ιο.</strong></span> 
     </span>
    </p>

    <p class='ocr_par' dir='ltr' id='par_1_14' title="bbox 337 4215 949 4306">
     <span class='ocr_line' id='line_1_25' title="bbox 337 4215 949 4306; baseline -0.005 -21"><span class='ocrx_word' id='word_1_171' title='bbox 337 4216 386 4306; x_wconf 86' lang='grc'><strong>(6)</strong></span> <span class='ocrx_word' id='word_1_172' title='bbox 411 4215 527 4282; x_wconf 67' lang='lat' dir='ltr'><strong>claron.</strong></span> <span class='ocrx_word' id='word_1_173' title='bbox 547 4216 661 4283; x_wconf 74' lang='lat' dir='ltr'><strong>Gottw.</strong></span> <span class='ocrx_word' id='word_1_174' title='bbox 677 4236 702 4280; x_wconf 88' lang='lat' dir='ltr'><strong>s.</strong></span> <span class='ocrx_word' id='word_1_175' title='bbox 716 4238 745 4280; x_wconf 82' lang='lat' dir='ltr'><strong>v.</strong></span> <span class='ocrx_word' id='word_1_176' title='bbox 759 4217 949 4284; x_wconf 72' lang='lat' dir='ltr'><strong>taxandria.</strong></span> 
     </span>
    </p>

    <p class='ocr_par' dir='ltr' id='par_1_15' title="bbox 338 4356 1181 4589">
     <span class='ocr_line' id='line_1_26' title="bbox 338 4356 1181 4448; baseline -0.004 -21"><span class='ocrx_word' id='word_1_177' title='bbox 338 4357 387 4448; x_wconf 89' lang='lat'><strong>(7)</strong></span> <span class='ocrx_word' id='word_1_178' title='bbox 408 4359 568 4425; x_wconf 75' lang='lat' dir='ltr'><strong>mems</strong></span> <span class='ocrx_word' id='word_1_179' title='bbox 580 4357 683 4426; x_wconf 69' lang='lat' dir='ltr'><strong>Nost.</strong></span> <span class='ocrx_word' id='word_1_180' title='bbox 700 4356 840 4424; x_wconf 61' lang='lat' dir='ltr'><strong>Gallim.</strong></span> <span class='ocrx_word' id='word_1_181' title='bbox 856 4380 882 4425; x_wconf 84' lang='lat' dir='ltr'><strong>s.</strong></span> <span class='ocrx_word' id='word_1_182' title='bbox 896 4382 926 4425; x_wconf 80' lang='lat' dir='ltr'><strong>v.</strong></span> <span class='ocrx_word' id='word_1_183' title='bbox 940 4359 1181 4429; x_wconf 59' lang='lat' dir='ltr'><strong>Eitea-Ritus.</strong></span> 
     </span>
     <span class='ocr_line' id='line_1_27' title="bbox 339 4496 936 4589; baseline -0.02 -24"><span class='ocrx_word' id='word_1_184' title='bbox 339 4498 388 4587; x_wconf 88' lang='grc'><strong>(8)</strong></span> <span class='ocrx_word' id='word_1_185' title='bbox 431 4498 548 4567; x_wconf 79' lang='lat' dir='ltr'><strong>Mtut</strong></span> <span class='ocrx_word' id='word_1_186' title='bbox 564 4519 615 4589; x_wconf 84' lang='lat' dir='ltr'><strong>op.</strong></span> <span class='ocrx_word' id='word_1_187' title='bbox 631 4496 711 4588; x_wconf 63' lang='grc' dir='ltr'><strong>ἀφ(</strong></span> <span class='ocrx_word' id='word_1_188' title='bbox 725 4500 749 4563; x_wconf 91' lang='lat'><strong>1.</strong></span> <span class='ocrx_word' id='word_1_189' title='bbox 769 4519 819 4565; x_wconf 84' lang='lat'><strong>12.</strong></span> <span class='ocrx_word' id='word_1_190' title='bbox 930 4537 936 4553; x_wconf 90' lang='lat'><strong><em>.</em></strong></span> 
     </span>
    </p>
   </div>
   <div class='ocr_carea' id='block_1_12' title="bbox 0 0 2267 5875">
    <p class='ocr_par' dir='ltr' id='par_1_16' title="bbox 0 0 2267 5875">
     <span class='ocr_line' id='line_1_28' title="bbox 0 0 2267 5875; baseline 0 0"><span class='ocrx_word' id='word_1_191' title='bbox 0 0 2267 5875; x_wconf 95' lang='lat' dir='ltr'><strong> </strong></span> 
     </span>
    </p>
   </div>
  </div>
 </body>
</html>
