4509 5875
736 645 737 650 ‘
786 647 1059 754 ‘enarro
1598 639 1647 738 9³

330 823 497 908 Constat
527 825 634 903 inter
663 849 820 928 omnes,
847 825 1068 906 Auditores
1095 823 1415 934 honoratissimi!
1447 839 1649 936 quantum

277 950 395 1028 annis
413 947 598 1054 proxime
617 944 780 1051 elapsis,
807 947 881 1056 qui
912 947 968 1026 ob
1004 974 1166 1047 rerum,
1206 973 1298 1056 quae
1320 945 1369 1024 iis
1396 945 1652 1047 accidebant,

274 1070 506 1151 varietatem
534 1083 574 1146 et
602 1067 861 1172 gravitatem,
887 1067 1039 1145 saeculis
1067 1083 1238 1174 possunt
1266 1065 1468 1146 simillima
1493 1067 1652 1171 haberi,

276 1207 494 1298 quantum,
517 1187 633 1289 dico,
651 1187 714 1267 his
733 1189 848 1268 annis
868 1204 910 1267 et
928 1185 1133 1292 cogitandi
1151 1204 1193 1265 et
1208 1185 1373 1267 vivendi
1391 1191 1493 1268 ratio
1514 1191 1566 1268 sit
1583 1192 1653 1268 im·

276 1325 439 1390 mutam.
466 1307 635 1388 Etenim
656 1307 839 1416 profecto
859 1311 904 1388 in
933 1308 1086 1390 nullam
1114 1308 1233 1387 aliam
1259 1323 1415 1389 etatem
1438 1311 1653 1420 antiquum

274 1428 377 1510 illud
400 1428 705 1537 proverbium-z
731 1447 919 1540 tempora
945 1447 1179 1532 mutantur,
1200 1447 1243 1511 et
1277 1458 1353 1511 nos
1379 1448 1584 1512 mutamur
1601 1433 1655 1512 ,in

270 1549 375 1653 iltis,
398 1553 528 1658 magis
547 1551 737 1653 cadebat,
757 1579 881 1664 mmm
902 1554 946 1632 in
965 1567 1141 1661 quatum
1156 1551 1488 1660 lustra'proxime
1507 1553 1657 1634 abhinc

261 1671 415 1780 elapsa.
443 1676 586 1782 Atque
606 1673 674 1752 illa
695 1675 779 1780 ipsa
794 1673 1015 1781 rapiditas,
1036 1699 1205 1782 quares
1222 1670 1305 1751 fere
1326 1699 1469 1754 omues
1488 1672 1656 1774 videba-

275 1821 368 1874 mus
385 1797 617 1894 immutari,
638 1796 745 1873 inter
767 1794 852 1873 'alia
870 1795 971 1872 mihi
995 1795 1251 1902 potissimum
1269 1821 1357 1874 esse
1375 1795 1420 1872 in
1441 1795 1580 1876 caussa
1594 1797 1658 1874 vi·

276 1913 421 2014 detur,
457 1913 570 2022 quod
598 1907 828 2022 paucissimi
857 1932 1015 1996 tantum
1040 1915 1251 2018 homines,
1281 1941 1372 2023 quta
1402 1913 1537 2017 fiunt,
1578 1917 1654 1996 rite
1760 1953 1763 1962 ·

278 2033 500 2143 dijudicare
520 2051 641 2146 atque
678 2038 872 2118 aestimare
901 2035 1148 2144 intelligant3
1179 2034 1293 2146 quod
1321 2037 1388 2117 alii
1413 2036 1580 2145 plurimi
1595 2039 1657 2150 §in

279 2156 574 2241 constituendis
594 2157 717 2238 rebus
744 2175 865 2268 atque
893 2157 1130 2240 ordinandis
1159 2159 1277 2266 plane
1299 2159 1558 2240 immemores
1576 2161 1658 2240 sint

279 2280 439 2389 antiqui
459 2278 568 2359 illius
590 2309 599 2357 ε
621 2281 717 2360 Non
738 2308 823 2360 uno
842 2279 909 2360 die
927 2283 1082 2362 stetisse
1104 2279 1378 2383 Corinthum,
1396 2294 1437 2357 et
1460 2279 1656 2388 cujusque

278 2403 341 2479 rei
367 2401 530 2480 initium
561 2427 646 2481 csse
676 2399 960 2478 difficillimum
983 2430 993 2473 ι
1013 2401 1137 2504 longe
1164 2415 1319 2501 autem,
1347 2400 1539 2508 equidem
1568 2404 1656 2509 opi·
1724 2432 1726 2435 ·

280 2547 381 2622 nor,
410 2517 614 2599 difficilius
641 2535 725 2621 eet,
757 2545 846 2600 rem
876 2519 1105 2631 antiquam,
1134 2536 1308 2628 eamque
1342 2519 1565 2604 obsoletam
1592 2523 1658 2604 de·
1763 2531 1772 2543 '

281 2669 366 2728 nuo
390 2642 623 2728 instamus.

289 2923 293 2930 -
328 2872 519 2965 Precibus
547 2871 852 2983 impensissimis
886 2897 1025 2976 earum
1051 2868 1243 2969 urbium,
1274 2900 1365 2985 quaa
1401 2873 1660 2958 Academiam

282 2994 460 3099 aliquam
476 2996 558 3073 sibi
573 2995 664 3101 jure
676 2994 880 3110 vindicare
898 3022 1015 3103 posse
1036 2995 1358 3095 arbitrabantur,
1378 2998 1455 3073 rite
1483 3013 1525 3075 et
1541 3025 1658 3077 accu-

141 3136 144 3147 ·
283 3114 406 3191 ratius
431 3111 662 3219 perpensis,
698 3108 879 3189 Louanio
911 3109 1098 3215 inprimis
1131 3128 1217 3189 erat
1248 3109 1474 3196 necessario
1509 3116 1658 3197 satiab-

282 3232 494 3324 ciendum;
515 3254 608 3308 cum
625 3245 793 3333 propter
810 3227 876 3331 jus
892 3229 1237 3349 antiquissimum
1253 3250 1343 3313 turn
1365 3235 1421 3315 ob
1444 3238 1558 3317 lamae
1579 3238 1661 3344 glo·

285 3355 388 3433 riam
418 3349 524 3456 juste
553 3344 632 3425 sibi
656 3364 955 3453 comparatam,
995 3367 1035 3429 ct
1072 3351 1126 3429 ob
1157 3353 1351 3460 majorem
1379 3354 1658 3437 subsidiorum

284 3470 639 3572 commoditatem,
666 3496 755 3581 quae
783 3496 834 3551 ex
855 3472 1024 3581 antiquo
1051 3467 1235 3553 instituto
1258 3494 1485 3583 supersunt
1513 3481 1566 3558 Et
1594 3508 1658 3558 re-

282 3624 376 3676 vera
398 3588 672 3703 pulcherrima
687 3592 863 3701 usuique
882 3608 1020 3671 nostro
1044 3594 1247 3699 aptissima
1261 3594 1427 3673 aedificia
1448 3616 1544 3683 sunt
1561 3626 1659 3680 con.

284 3734 437 3799 servata
458 3715 514 3821 (ι)
534 3741 543 3789 :
565 3714 737 3795 maxima
755 3714 853 3794 item
873 3711 1151 3821 reperiebatur
1181 3711 1382 3795 librorum
1407 3718 1544 3823 copia,
1567 3720 1659 3830 qui·

283 3842 361 3921 bus
377 3838 553 3947 plurima
572 3836 724 3916 rariora
744 3860 872 3944 eaque
892 3835 1181 3942 pretiosissima
1205 3839 1328 3945 opera
1353 3852 1393 3915 et
1418 3837 1575 3949 aliquot
1595 3871 1661 3923 an·

331 4121 383 4209 (1)
400 4119 476 4187 Alia
492 4138 640 4206 qnoque,
658 4136 728 4207 quae
743 4120 923 4189 neemmria
939 4117 1154 4199 videbantur,
1168 4120 1314 4208 antiquis
1332 4120 1455 4189 addita.
1479 4124 1534 4190 stc
1548 4125 1659 4191 Colle·

288 4228 378 4316 g'utm
397 4224 754 4303 Proemonstratensium
766 4224 887 4289 Ordini
903 4222 1032 4313 discipl.
1049 4225 1149 4290 math.
1177 4240 1212 4290 et
1224 4224 1432 4314 physicarum
1446 4229 1564 4307 ,edam
1581 4232 1659 4296 Col·
1752 4236 1755 4239 ’
1844 4237 1848 4243 “

290 4332 432 4420 legium,
450 4328 542 4416 quod
563 4327 709 4403 dicitur,¹
725 4328 852 4416 regium
870 4326 969 4393 rebus
986 4328 1028 4394 ad
1051 4330 1225 4395 historiam
1242 4331 1424 4398 naturalem
1449 4335 1659 4413 necessariis,

294 4434 427 4500 decreto
443 4432 641 4497 curatorum
656 4429 690 4519 (3
706 4430 796 4495 lunii
818 4430 915 4517 1818)
933 4431 1193 4501 attribuebatur:
1213 4435 1292 4501 item
1313 4436 1500 4527 Collegium
1524 4440 1658 4505 Vetera·

293 4560 415 4605 norum
430 4537 503 4603 usui
523 4534 750 4603 Universitatis
765 4534 995 4602 reservabatur.
