4509 5875
605 634 653 707 30
999 628 1168 701 cunoni
1192 632 1384 707 EUGENII
1408 634 1578 707 mutue

598 815 728 898 insule
749 824 932 923 ponunt,
959 799 1028 888 elii
1050 798 1095 889 in
1112 810 1373 919 Betelundiu',
1395 813 1491 895 aliis
1512 814 1589 895 eiii.
1611 812 1880 897 Communem
1896 844 1970 898 nos

596 939 837 1022 sententium
863 930 1012 1034 murti,
1027 958 1111 1043 -per
1135 952 1263 1017 totam
1288 939 1472 1019 Wusinm
1498 940 1709 1047 regionem
1734 939 1878 1021 silvam
1902 968 1972 1021 ex-

596 1074 752 1141 tensam
774 1060 900 1139 sense
934 1057 1144 1142 eredimus.
1182 1058 1307 1165 Quod
1342 1060 1608 1145 adnotarem
1642 1062 1762 1173 hujus
1794 1064 1973 1171 regionis

596 1185 759 1285 attinet,
787 1182 953 1263 arbores
977 1198 1019 1265 et
1043 1185 1209 1267 arbusta
1231 1212 1317 1265 rura
1344 1187 1470 1268 modo
1494 1204 1620 1299 atque
1653 1187 1749 1267 hinc
1771 1186 1869 1267 inde
1891 1186 1973 1271 din-

595 1326 711 1417 persa
731 1308 776 1385 in
797 1332 845 1387 ea
872 1305 1230 1416 deprehendimus3
1254 1338 1344 1420 qne
1367 1309 1528 1390 indoles
1548 1312 1636 1417 ipsa
1654 1336 1755 1391 voce
1776 1310 1972 1419 exprimi-

595 1449 682 1527 tur;
711 1418 821 1509 Wne'
836 1435 980 1508 etenim
1010 1458 1079 1508 sere
1106 1432 1269 1510 wisera
1299 1458 1380 1509 non
1410 1433 1595 1539 cespitem
1621 1433 1738 1509 modo
1770 1450 1811 1511 et
1836 1434 1970 1511 locum

596 1578 868 1643 nemorosum
884 1577 1027 1629 verum
1043 1553 1168 1629 etiem
1192 1543 1372 1630 coenem
1381 1610 1394 1646 ‚
1422 1552 1640 1647 ιἰιαιῑειιιη,
1657 1578 1831 1633 erenwm
1848 1557 1971 1659 signi·

590 1680 693 1780 ficar
720 1678 788 1785 (ι).
808 1674 911 1778 Quae
930 1671 1100 1786 quidem
1126 1673 1233 1751 ratio
1261 1699 1345 1753 non
1355 1670 1510 1778 foresti
1535 1673 1689 1775 solum,
1718 1690 1779 1754 est
1809 1675 1973 1780 integre

595 1804 714 1882 etium
729 1798 889 1879 Wesiae
906 1812 984 1899 est,
1014 1797 1134 1877 maris
1165 1796 1342 1878 restibus
1366 1798 1523 1877 tristem
1553 1824 1600 1876 ec
1627 1795 1842 1878 horridum
1873 1822 1972 1907 pree·

595 1924 728 2004 bentis
747 1888 993 2081 adspectum.
1122 1944 1127 1964 ·
1159 1945 1162 1956 ·

648 2118 802 2199 einen
833 2112 899 2222 (la
921 2114 1087 2219 Fuigne)
1120 2115 1314 2199 silvarum
1341 2064 1504 2213 ultima,
1531 2138 1622 2221 quoe
1656 2109 2072 2250 quodammodo

594 2237 788 2320 memoria
814 2238 937 2343 digna
964 2253 1047 2337 est,
1083 2236 1258 2349 ideoque
1286 2264 1439 2317 nornen
1469 2261 1590 2315 snum
1620 2234 1844 2313 Hannoniae
1873 2236 1968 2341 pagi

593 2364 717 2470 parti,
750 2361 910 2520 Fanniae
940 2386 1109 2487 nempe,
1141 2361 1356 2470 imposuit,
1384 2356 1510 2467 quarn
1539 2358 1740 2463 integram
1780 2374 1969 2435 ornatae

597 2480 792 2605 decoret.

978 2774 982 2782 ·
1130 2726 1289 2888 ιιι.
1331 2730 1416 2831 ιι.

649 2883 655 2909 ¹
763 2979 770 2994 ·
925 2955 987 3028 ne
1010 2899 1209 3036 renutu
1234 2953 1430 3036 nerone
1454 2954 1621 3026 necno.
1756 2896 1762 2904 ’

709 3116 713 3125 .
767 3132 772 3145 ,
957 3146 961 3154 ι
1037 3158 1041 3166 .
1092 3252 1099 3272 ι
1225 3133 1345 3240 §xl

606 3256 865 3418 ¹Ordiamur
886 3338 955 3418 de
947 3361 1091 3446 regno
1104 3339 1294 3420 enimn&
1313 3335 1674 3441 Quemadmodum
1690 3353 1806 3418 terre
1826 3356 1965 3420 nature

594 3487 680 3540 non
706 3459 849 3542 eadem
868 3488 913 3540 ae
937 3459 1141 3564 hodie,'
1109 3489 1167 3542 sic
1194 3461 1258 3542 vel
1286 3462 1410 3542 homo
1436 3473 1523 3540 ἰιοιι
1549 3458 1658 3538 idem
1687 3457 1783 3563 fuit,
1808 3460 1880 3540 sed
1906 3490 1968 3542 ru·

593 3582 685 3663 dior
699 3599 742 3664 et
764 3583 994 3703 robustior,
1010 3600 1164 3666 naturae
1182 3583 1412 3726 filins,'s1ne
1430 3582 1543 3672 cultu
1559 3598 1677 3662 atrox
1693 3600 1733 3662 et
1746 3609 1831 3663 non
1852 3584 1966 3692 plane

591 3701 782 3788 absimilis
801 3698 917 3813 ieris,
941 3736 1031 3821 quae
1053 3709 1096 3788 in
1125 3707 1299 3818 copiosis
1302 3691 1465 3794 silvis
1454 3718 1677 3786 innumerae
1703 3705 1963 3813 vagabantur,

589 3826 706 3933 plura
734 3836 902 3933 genera,
936 3841 1058 3940 quam
1087 3829 1225 3936 hodie,
1262 3851 1388 3940 enque
1417 3827 1574 3910 teriora.
1610 3827 1674 3910 Sic
1709 3829 1810 3930 ursi,
1842 3826 1962 3908 hodie

592 3975 849 4058 nequaquam
878 3953 1132 4058 reperiundi,
1159 3973 1247 4034 tum
1278 3954 1473 4061 temporis
1504 3954 1690 4058 regiones
1712 3950 1783 4030 has
1812 3949 1964 4031 incole·

591 4067 689 4150 bant
711 4072 789 4179 (2);
818 4097 1013 4182 aprorum
1039 4102 1211 4185 quoque
1237 4095 1278 4157 et
1300 4075 1528 4184 luporum
1517 4102 1659 4183 ingens
1686 4075 1831 4184 copia:
1859 4074 1966 4154 cervi

632 4288 682 4378 (ι)
702 4291 785 4356 Sunt
802 4293 902 4357 verba
920 4293 1146 4357 Duunscml.
1164 4297 1207 4371 L,
1227 4318 1260 4385 p.
1280 4293 1319 4361 51
1337 4343 1346 4374 ,
1364 4291 1440 4360 coll.
1456 4291 1628 4360 addendis.

632 4401 682 4517 (ι’)
703 4427 777 4498 Vid.
793 4406 887 4495 vitS.
905 4402 1031 4498 Gisieni
1045 4396 1080 4496 in
1094 4436 1167 4499 Act
1181 4433 1235 4503 SS.
1250 4433 1342 4526 Beig.
1357 4435 1410 4515 1v,
1421 4431 1484 4524 377
1501 4451 1535 4501 et
1552 4435 1641 4501 Fors.
1664 4431 1811 4524 Presbyt.
1825 4433 1957 4500 Carmen

593 4532 635 4599 ed
649 4534 775 4625 Gogon.
792 4535 812 4600 1.
824 4534 898 4612 VH,
921 4558 950 4600 o.
968 4539 1009 4615 4,
1027 4561 1054 4603 ι,
1078 4561 1128 4628 ι9.
1208 4602 1220 4620 ,
