4509 5875
785 622 1149 696 urcurornnoe.
1586 620 1634 716 37

271 795 537 891 necessarium
561 807 632 903 sit,
657 819 705 884 ut
733 800 930 911 ejusmodi
959 829 1083 909 opera
1106 802 1152 879 in
1175 797 1371 880 habendis
1395 796 1638 880 lectionibus

269 932 503 1013 auditorum
521 919 646 1010 oculis
663 925 947 1034 subjiciantur,
967 921 1194 1003 exhibenda
1211 921 1278 1002 illa
1287 921 1469 1033 quidcm;
1487 921 1558 1004 sed
1571 900 1653 1022 „si‘

268 1055 542 1165 praelectiones
570 1052 614 1130 in
646 1047 791 1128 eodem
818 1049 863 1128 iu
892 1071 975 1153 quo
1002 1042 1252 1125 Bibliotheca
1278 1062 1340 1124 est
1367 1044 1533 1130 edificio
1565 1045 1635 1125 ha-

268 1179 440 1279 bentur,
460 1177 594 1254 statim
618 1187 711 1279 post
738 1195 802 1246 eas
826 1167 976 1264 finitas,
999 1165 1062 1245 sin
1085 1167 1242 1268 minus,
1262 1163 1404 1246 saltem
1423 1168 1527 1246 intra
1545 1195 1636 1275 sep-

253 1303 425 1392 timanas
452 1298 628 1405 spatium
640 1283 897 1399 'reportanda
921 1302 1027 1369 sunt.
1083 1293 1085 1300 ’

878 1469 903 1565 s
929 1461 1034 1539 v111.

272 1705 274 1712 ·
325 1645 624 1732 professoribus
642 1658 912 1742 tantum,non
930 1634 1129 1716 Studiosis
1149 1631 1322 1713 liberum
1334 1649 1396 1714 est
1414 1638 1457 1714 in
1478 1638 1639 1717 conclu-2

271 1775 337 1853 ria
367 1771 441 1851 ubi
477 1768 574 1849 libri
606 1779 857 1845 asservantur
890 1763 1064 1860 intrare,
1094 1755 1303 1866 librosque
1333 1756 1411 1840 sibi
1441 1784 1465 1835 e
1493 1744 1640 1866 pluteis

275 1921 445 1976 sumere.
470 1888 649 1970 Studiosi
672 1913 758 1970 uon
791 1884 870 1963 nisi
898 1877 1076 1962 Custode
1101 1879 1249 1956 comite
1276 1877 1424 1983 singuli
1453 1895 1522 1958 aut
1552 1879 1640 1957 bini

272 2029 442 2128 possunt
468 2015 643 2113 intrare,
670 2034 746 2088 uec
772 2023 907 2085 umen
936 2000 1063 2082 libros
1089 1999 1348 2082 extraheres
1380 1999 1540 2080 scriniis
1570 2017 1642 2080 aut

274 2139 497 2220 evolvere·

837 2240 839 2248 ’
892 2230 1014 2331 §IX.

327 2435 411 2538 Qui
431 2431 559 2512 libros
584 2426 636 2507 ad
659 2417 956 2530 excerpendum
982 2433 1053 2496 aut
1073 2415 1124 2510 ad
1154 2397 1368 2520 legendum
1392 2397 1638 2520 desiderant,
1671 2482 1678 2502 .

200 2553 206 2568 ’
275 2563 319 2638 in
347 2553 534 2635 conclave
560 2547 797 2657 particulare
822 2542 873 2622 ad
898 2538 947 2619 id
973 2537 1216 2624 destinamm
1238 2564 1281 2616 se
1310 2537 1541 2639 conferant,
1569 2540 1641 2620 ubi

278 2682 423 2762 Custos
451 2690 610 2784 promte
640 2687 682 2750 et
708 2663 893 2775 expedite
918 2661 1011 2741 illos
1040 2657 1325 2776 suppeditabit
1474 2707 1480 2725 .

910 2846 936 2941 s
963 2837 1035 2913 a,

25 3010 27 3021 ’
66 2980 69 2989 l
124 3064 131 3073 ·
268 2986 270 2991 l
328 3028 441 3120 Idem
476 3024 581 3106 valet
611 2974 663 3100 de
693 3012 952 3097 Bibliothecae
986 3005 1189 3112 Catalogis
1226 3008 1394 3110 omnino
1430 3006 1643 3114 absolutis,

276 3177 381 3262 quos
412 3146 633 3252 uuicuique
666 3136 718 3219 ad
744 3130 1043 3243 inspiciendum
1071 3128 1264 3209 exhibere
1300 3130 1445 3210 Custos
1473 3146 1644 3214 tenetur.

857 3296 1021 3420 'sxr

332 3516 443 3593 Inter
460 3504 678 3614 legendum
696 3496 863 3605 siugulis
882 3519 1087 3573 summum
1104 3491 1313 3573 silentium
1329 3508 1391 3571 est
1408 3493 1647 3592 tenendum,

278 3661 413 3745 neque
440 3625 711 3740 colloquendo
734 3637 801 3701 aut
823 3611 1124 3698 obambulando
1144 3613 1323 3719 legentes
1347 3611 1646 3693 turbandisunt
1668 3633 1693 3716 'J

893 3815 921 3910 s
947 3805 1035 3884 ΧΗ.

338 3994 402 4078 Ad
421 3986 717 4099 excerpendur'n
736 3978 1058 4085 Studiosii'itylo
1080 3994 1301 4083 cerussam,
1318 4003 1404 4058 non
1424 3962 1646 4063 atramento

282 4121 378 4202 licet
399 4120 479 4211 uti,
506 4138 581 4196 nec
605 4110 741 4219 ,charta
766 4105 881 4185 libris
912 4118 972 4181 est
993 4098 1254 4210 imponenda.

885 4286 911 4381 s
937 4276 1043 4357 xnr.

338 4484 504 4563 Summa
530 4476 701 4557 omnino
737 4496 832 4551 cura
861 4483 921 4546 est
958 4463 1207 4566 adhibenda,
1235 4483 1282 4548 ut
1311 4466 1407 4547 libri
1434 4468 1582 4573 integri
1612 4484 1654 4545 et
