4509 5875
597 680 932 752 respon-storo
955 679 1120 778 Qussr.
1145 679 1285 749 sunto.
1575 697 1620 771 η

262 863 480 945 redemerit
492 864 623 970 pretio
639 863 698 940 rei
716 861 893 941 valorem
908 859 1037 941 multo
1052 877 1287 969 superante,
1303 884 1389 937 non
1407 884 1456 936 eo
1472 856 1624 955 animo,

258 1003 306 1066 ut
332 1014 418 1066 rem
441 983 690 1093 redemptam
718 983 929 1088 legatarius
951 983 1119 1083 habeat,
1146 985 1219 1064 sed
1245 999 1292 1063 ut
1311 983 1398 1090 ipse
1419 1009 1508 1062 eam
1531 981 1626 1061 reti·

263 1127 357 1187 neat
376 1107 442 1214 (1).

311 1283 354 1360 Si
373 1280 539 1360 demum
558 1280 687 1386 legato
713 1276 894 1358 conditio
918 1293 987 1358 aut
1009 1274 1272 1386 diesadjecta
1296 1277 1367 1376 sit,
1394 1275 1480 1354 sine
1504 1274 1631 1378 tradi·->

204 1479 206 1484 .
258 1406 369 1485 tione
387 1400 556 1513 quidem
575 1404 635 1482 rei
653 1403 793 1511 legatae
812 1401 1039 1483 dominium
1063 1399 1323 1503 transfertur,
1343 1395 1415 1480 sed
1438 1398 1630 1482 existente

260 1527 326 1606 die
345 1541 415 1604 eut
434 1524 666 1603 conditione
688 1523 757 1630 (ι).
820 1527 826 1540 ’

312 1685 421 1788 Ergo
447 1698 492 1761 ut
513 1679 595 1782 haec
625 1708 714 1792 quae
744 1679 795 1759 de
827 1678 966 1786 legatis
993 1678 1195 1781 diximus,
1226 1704 1310 1757 uno
1340 1678 1492 1758 intuitu
1518 1703 1630 1756 eom-

261 1803 502 1916 pleetamur,
523 1801 784 1906 conferimus,
803 1802 959 1882 actibus
985 1801 1139 1882 ultimae
1165 1799 1383 1880 voluntatis
1404 1798 1631 1880 dominium

130 2015 133 2020 ,
261 1931 347 2008 sine
372 1924 588 2008 traditione
611 1925 839 2030 transferri,
862 1925 941 2006 nisi
959 1924 1012 2004 sit
1031 1923 1211 2031 legatum
1230 1925 1462 2033 quantitatis
1479 1939 1551 2003 aut
1571 1923 1631 2002 rei

262 2049 420 2146 alienes,
441 2067 510 2126 aut
540 2048 718 2152 legatum
746 2049 980 2156 generioum
1004 2046 1068 2128 vel
1089 2045 1392 2146 alternativum,
1420 2041 1632 2125 etheredi

263 2185 464 2278 competat
482 2165 630 2250 electio
655 2200 749 2253 oum
769 2172 859 2275 jure
882 2170 1121 2248 electionem
1150 2193 1281 2278 usque
1304 2165 1355 2261 ad
1378 2167 1442 2246 rei
1470 2182 1632 2273 praesta·

263 2294 418 2374 tionem
435 2290 628 2372 variandi.
644 2319 647 2328 ·

315 2469 389 2548 Ast
416 2468 460 2545 in
484 2466 675 2546 omnibus
705 2467 755 2546 iis
785 2464 943 2547 casibus
962 2467 1006 2546 in
1034 2463 1185 2575 quibus
1214 2464 1442 2547 dominium
1461 2481 1552 2545 actu
1569 2465 1632 2544 in·
1739 2456 1742 2461 ’

262 2605 325 2668 ter
354 2590 468 2668 vivos
497 2586 753 2693 transfertur,
780 2589 942 2670 traditio
973 2589 1206 2699 requiritur.
1238 2587 1358 2670 Unde
1385 2589 1632 2698 principium

263 2709 446 2818 generale
477 2738 486 2790 ε
515 2708 695 2791 dominia
723 2738 807 2791 non
836 2712 956 2792 nudis
994 2712 1119 2820 pactis
1152 2711 1224 2791 sed
1251 2711 1467 2794 traditione
1506 2727 1635 2791 tram·

263 2833 357 2913 ferri
386 2835 462 2941 (a),
483 2833 597 2946 quod
621 2835 675 2914 ita
699 2834 882 2939 generale
908 2851 983 2939 est,
1008 2851 1055 2913 ut
1077 2836 1121 2913 in
1147 2849 1234 2914 toto
1262 2832 1353 2942 jure
1374 2859 1545 2916 romano
1568 2860 1637 2911 ex·
1726 2905 1731 2912 ,

265 2958 397 3067 reptio
427 2956 537 3039 nulla
564 2958 683 3037 nobis
708 2958 787 3036 huc
815 2982 946 3063 usque
977 2957 1098 3035 obvia
1120 2956 1263 3055 fuerit,
1285 2958 1363 3033 nisi
1389 2960 1482 3065 quis
1510 2957 1634 3053 dicat,

265 3084 544 3184 exceptionem
563 3081 697 3153 inesse.
714 3080 763 3153 iis
785 3075 943 3153 casibus
958 3134 968 3171 ,
990 3075 1033 3152 in
1054 3074 1205 3184 quibus
1224 3101 1287 3153 res
1304 3077 1427 3182 'quasi
1445 3077 1510 3154 vel
1527 3103 1636 3182 sym-

264 3198 397 3280 bolice
425 3194 658 3298 traduntur,
688 3197 901 3281 autetiam
928 3193 1033 3274 tradi
1063 3193 1294 3300 fingentum
1324 3187 1436 3305 quod
1459 3222 1533 3276 nos
1554 3224 1638 3277 non
1691 3253 1694 3257 -

266 3319 523 3461 negabimus,
546 3346 639 3397 cum
670 3320 714 3396 in
738 3318 787 3397 iis
811 3346 914 3405 verae
933 3316 1071 3397 saltem
1092 3316 1321 3401 traditionis
1348 3319 1529 3399 remissio
1553 3318 1637 3437 fiat

266 3446 352 3525 sive
382 3444 479 3555 quia
506 3468 611 3525 verae
637 3439 848 3563 traditioni
874 3440 987 3521 loeus
1018 3470 1103 3522 esse
1135 3471 1222 3525 non
1250 3459 1402 3551 potest,
1429 3443 1513 3527 sive
1543 3398 1640 3550 quisi

266 3567 403 3647 inutili
434 3566 605 3645 circuitu
633 3556 736 3672 opus
767 3562 894 3668 foret,
915 3580 962 3644 ut
984 3564 1060 3675 ipsi
1087 3565 1200 3649 locus
1222 3584 1346 3672 esset,
1373 3561 1495 3676 quod
1516 3560 1638 3643 diffir-

186 3706 193 3715 ’
269 3688 352 3767 sius
370 3687 630 3796 exposuimus
651 3688 781 3794 capite
801 3690 945 3796 primo.

315 3841 363 3929 (3)
386 3844 524 3933 Cogitur
539 3842 728 3919 haeresrem
742 3842 883 3909 alienam
900 3846 1039 3937 legatam
1059 3846 1225 3913 redimere
1235 3862 1267 3911 et
1283 3860 1449 3935 prestare,
1461 3843 1514 3909 vei
1527 3844 1558 3906 si
1569 3865 1641 3906 eam

268 3967 332 4009 noa
349 3960 452 4034 potest
469 3946 634 4026 redinrcre,
648 3949 896 4014 estimationem
914 3942 994 4038 eiusx
1007 3952 1095 4017 dare.
1111 3952 1188 4016 inst.
1203 3951 1224 4013 Ι.
1238 3951 1261 4016 Ι.
1275 3951 1356 4015 Eam
1378 3970 1456 4013 vero
1478 3946 1641 4012 redimere

270 4071 339 4116 non
354 4050 489 4138 poterit,
506 4056 533 4113 si
547 4049 632 4115 forte
646 4072 718 4116 eam
728 4053 884 4121 dominus
895 4071 952 4121 aut
962 4056 1101 4121 omnino
1116 4056 1214 4133 nolit,
1224 4069 1282 4119 aut
1295 4075 1364 4119 non
1379 4053 1444 4117 nisi
1458 4052 1641 4118 immodico

270 4154 379 4243 pretio
394 4154 538 4219 vendere
553 4155 641 4219 velit.
661 4156 696 4220 Ι..
715 4160 753 4235 hi
768 4170 803 4237 ,ς
824 4159 882 4226 uit
900 4160 937 4227 ff.
959 4160 1002 4227 de
1016 4160 1110 4252 legat.
1127 4160 1350 4247 111.1..71,5.
1366 4156 1435 4224 3ff.
1450 4158 1493 4224 de
1506 4159 1602 4247 legat.
1615 4157 1641 4223 Ι.

271 4262 412 4331 vnaius
426 4260 468 4325 ad
482 4260 559 4326 fust.
568 4260 620 4327 tit.
639 4260 681 4326 de
696 4261 790 4353 legat.
809 4276 834 4343 ς.
850 4270 881 4346 A.

315 4362 426 4453 (1)V.
444 4364 560 4431 Roon
575 4363 617 4429 ad
633 4365 708 4431 inst
728 4364 770 4431 de
774 4367 884 4457 legat

316 4468 422 4556 (ut
445 4472 538 4537 ποῦ.
552 4470 709 4537 ἀοΒὼΙ
719 4472 754 4538 t.
770 4474 855 4539 ποῦ
870 4470 912 4540 de
930 4472 1084 4562 pactrsL
1100 4471 1191 4541 500.
1207 4472 1299 4541 deli
1313 4474 1363 4545 Ν
1375 4472 1410 4540 t
1426 4494 1502 4563 pen
1495 4473 1555 4539 Α]
1566 4470 1639 4537 eod.

272 4572 396 4641 Ι...60
413 4574 682 4643 determinet
700 4577 797 4644 vend
1409 4669 1432 4752 4
