4509 5875
830 696 1032 770 omnio.
1106 785 1110 793 ¹
1589 693 1639 794 95

267 899 360 984 quae
385 899 462 954 nec
481 869 732 982 pulchriora,
750 901 826 954 nec
845 879 971 984 magis
995 875 1143 958 idonea
1163 902 1237 984 per
1257 876 1487 959 universam
1508 879 1640 960 Euro·

269 1021 368 1102 pum*
382 996 664 1091 inveniuntur;
683 1021 757 1076 nec
767 999 989 1104 impensius
998 1022 1181 1109 unquam
1189 996 1370 1080 studium
1379 997 1498 1107 hujus
1506 1002 1644 1108 partis,

269 1145 346 1200 nec
365 1115 546 1209 laborem
574 1118 619 1201 in
639 1144 685 1198 ea
714 1117 844 1224 magis·
866 1119 1073 1203 assiduum
1100 1123 1146 1202 in
1167 1121 1250 1203 ulla
1275 1121 1485 1209 Medicina
1509 1123 1645 1205 ecbola

270 1241 361 1346 quis
388 1239 558 1342 viderit,
588 1266 712 1350 quam
749 1267 867 1344 eum,
895 1260 1022 1350 quem
1052 1242 1148 1324 anni
1176 1259 1411 1349 tempestate
1450 1245 1547 1324 huic
1583 1247 1642 1326 rei

268 1360 461 1470 propriae,
488 1363 778 1474 impendebant
802 1379 845 1444 et
868 1361 1116 1447 Professores
1134 1363 1354 1445 ‘clarissimi
1373 1381 1416 1447 et
1434 1367 1645 1448 Prosector

270 1485 637 1606 experientissimus
654 1486 809 1569 et'srtis
827 1481 992 1567 meandi
1010 1484 1192 1571 surdius.

319 1736 488 1822 Accedit
506 1739 869 1818 instrumentorum
897 1734 1241 1840 chirurgicorum,
1268 1734 1514 1844 quaedenuo
1532 1760 1642 1814 com-
1665 1755 1671 1766 ’

268 1859 528 1962 paravimus,
568 1861 729 1962 egregia
773 1856 989 1953 collectio;
1026 1855 1288 1962 splendidum
1322 1855 1427 1933 iliud
1461 1857 1643 1934 Nosoco·

266 1978 397 2056 mium
424 1978 481 2082 (r)
508 1978 700 2072 militare,
728 1977 844 2088 quod
862 1979 960 2058 Rem
975 1977 1284 2082 augustissimus
1304 1975 1372 2054 bic
1399 1974 1644 2076 collocavit,

267 2115 456 2180 ornatum
475 2098 710 2184 hominibus
739 2101 784 2178 iu
804 2098 973 2204 singulis
999 2098 1108 2178 Artis
1133 2096 1299 2176 Medione
1327 2096 1515 2204 partibus
1543 2124 1644 2204 pire·

266 2222 541 2326 stantissimis,
552 2251 637 2334 quo
649 2221 891 2304 Academica
905 2221 1150 2302 constitutio·
1161 2237 1203 2299 et
1219 2218 1461 2300 redderetur
1475 2219 1645 2320 facilior,

267 2357 309 2419 et
335 2344 574 2450 ampliorem
606 2371 793 2452 campum
824 2346 1152 2424 nancisceretur:
1180 2339 1298 2418 civile
1332 2340 1433 2418 item
1460 2341 1645 2420 Nosoco-

267 2463 422 2563 mium,
451 2465 526 2538 ubi
552 2465 702 2538 clinicae
726 2461 998 2538 institutiones
1024 2477 1065 2539 ct
1084 2461 1387 2538 exercitationes
1406 2461 1489 2567 jam
1508 2463 1643 2570 auspi·

267 2599 362 2661 eatae
389 2599 485 2662 sunt
510 2580 737 2691 quintadie
759 2579 1022 2684 Juniipnulla
1051 2580 1219 2696 quidem
1237 2579 1554 2662 habitatatione
1580 2585 1642 2662 in·

265 2726 528 2783 numerorum
541 2701 847 2805 difficultatum,
866 2699 971 2812 ¹quas
992 2717 1032 2780 et
1053 2727 1211 2814 errores
1229 2701 1326 2780 hinc
1343 2701 1441 2782 inda
1458 2705 1582 2812 sparsi
1604 2721 1645 2783 et
1768 2733 1773 2742 ·

269 2825 480 2934 opiniones
509 2825 772 2934 praejudicatae
799 2821 919 2924 nobis
944 2821 1200 2932 objecerant,
1221 2823 1325 2903 nulli
1348 2843 1642 2934 praetereamus.

267 2949 514 3031 Addendnm
543 2949 720 3060 deniqne
747 2966 807 3029 est
822 2948 938 3028 ¹Artis
964 2940 1217 3027 obstetricias
1244 2948 1496 3042 institutum,
1526 2948 1643 3059 <prod

269 3069 387 3162 nobis
409 3066 492 3178 jam
517 3078 577 3147 est
608 3071 909 3165 concreditum,
927 3087 970 3140 es
995 3069 1070 3145 ubi
1098 3064 1245 3143 soholoe
1272 3082 1314 3143 et
1340 3066 1570 3149 theoreticae
1601 3088 1643 3150 et

185 3236 188 3243 .
267 3193 449 3301 practicae
498 3214 591 3285 cnm
634 3184 712 3287 hoc
763 3186 871 3289 atino
908 3182 1081 3285 scholari
1124 3184 1434 3269 inchoabnntur.
1474 3190 1643 3292 Quibus

268 3310 459 3408 omnibus
485 3308 521 3389 si
546 3307 622 3385 rite
646 3321 831 3405 utamur,
854 3306 999 3383 merito
1024 3303 1145 3383 nobis
1169 3332 1331 3414 sperare
1352 3308 1462 3412 licet,
1481 3310 1568 3390 fore
1595 3330 1643 3391 ut
1742 3402 1749 3416 .

268 3432 476 3528 Medicinae
496 3426 679 3534 ¹Facultss
706 3424 873 3505 aliarum
901 3422 1208 3507 Academiarmn
1229 3427 1333 3509 milli
1354 3428 1476 3510 cedet
1494 3430 1643 3513 boum.

320 3656 398 3731 Pro
419 3646 732 3756 Disciplinarum
759 3642 1130 3723 Mathematicarum
1157 3660 1197 3722 et
1222 3642 1481 3749 Physicarum
1500 3646 1641 3727 Facul-

270 3793 350 3856 tate
375 3770 597 3882 (fatendum
616 3768 691 3873 est)
712 3766 948 3875 paucissima
975 3763 1233 3845 solummodo
1263 3763 1443 3844 subsidia
1465 3794 1521 3845 ex
1545 3769 1643 3848 snti-

271 3898 364 4009 quis
383 3892 634 4001 temporibus
656 3904 899 3998 supererant.
929 3889 1117 3971 Attamen
1143 3886 1454 3967 laboratorium
1468 3890 1642 3997 Chymi-

272 4044 528 4125 cum‚nnper
548 4012 766 4095 admodum
777 4009 1169 4093 Franco-Gallorum
1182 4027 1368 4119 tempore
1388 4013 1640 4119 institutum,

271 4144 364 4222 licet
394 4168 479 4222 non
517 4135 905 4246 splendidissimum,
932 4134 1089 4214 bonum
1117 4149 1251 4213 tamen
1270 4132 1548 4247 idoneumque
1569 4156 1640 4241 est,

274 4282 313 4342 ct
333 4292 425 4345 cum
444 4263 515 4365 iis,
533 4257 684 4371 quibus
703 4258 779 4336 vi'ri
811 4257 854 4335 in
877 4256 951 4335 ¹hac
977 4273 1060 4335 arte
1086 4252 1343 4336 celeberrimi
1360 4273 1532 4354 utuntur
1550 4318 1563 4359 ,
1583 4258 1639 4338 fa·

315 4456 364 4545 (r)
385 4456 486 4539 Quod
503 4454 594 4543 regio
611 4452 744 4518 decreto
768 4472 843 4514 cum
860 4448 1053 4515 nosocomio
1071 4450 1193 4515 civium
1220 4448 1254 4515 in
1280 4472 1373 4517 usum
1390 4461 1508 4540 n‘cmpa
1532 4450 1639 4516 Medi·

272 4562 351 4629 cine
364 4561 585 4631 studiosorum
599 4554 858 4647 conjungebatur
871 4552 905 4642 (6
919 4554 987 4619 Ian.
1004 4554 1100 4637 1818,
1120 4566 1160 4620 n⁰
1176 4554 1245 4644 55).
