4509 5875
506 683 514 694 ’
557 666 581 672 ·’
609 675 1298 765 nusrortsrolnoussr.1us1u.
1582 670 1628 744 25
1750 745 1762 776 ,

269 857 453 982 adeoque
463 861 623 954 necesse
642 893 816 978 nonest,
835 866 881 955 ut
891 878 987 985 ipsis
1002 903 1202 956 sensuma
1221 869 1391 954 naturali
1410 869 1631 952 verborum

269 983 559 1100 significatione
583 996 788 1076 diversum
817 998 1062 1100 tribuamus,
1088 1025 1213 1106 quem
1237 1019 1333 1076 mox
1362 996 1458 1104 ipsis
1486 995 1631 1075 tribui·
1682 1005 1687 1014 ’

267 1143 374 1212 mus3
401 1116 471 1195 sed
500 1145 544 1194 ea
572 1119 899 1225 interpretamur,
918 1136 959 1197 et
979 1147 1029 1197 ex
1056 1121 1153 1226 ipsis
1182 1118 1433 1196 voluntatem
1457 1116 1634 1200 defuncti

270 1239 450 1315 eruimus
471 1237 694 1320 secundum
716 1239 913 1346 principia
939 1237 1280 1346 interpretationis
1304 1239 1523 1344 generalia,
1546 1267 1637 1350 qrrae

267 1355 332 1438 lex
358 1359 442 1466 ipsa
463 1362 615 1466 sanxit,
634 1377 675 1442 et
694 1377 783 1472 quae
798 1389 891 1440 sana
911 1362 1012 1442 ratio
1040 1387 1206 1472 quoque
1225 1387 1310 1438 non
1333 1379 1502 1440 recusat.

284 1525 287 1532 ·
317 1497 369 1576 Et
387 1524 432 1578 ea
451 1500 619 1608 quidem
633 1500 784 1581 adrem
797 1500 985 1600 veniunt,
998 1493 1159 1609 quoties
1172 1517 1339 1580 testator
1352 1500 1504 1604 forma,
1522 1500 1635 1614 qu‘us

264 1648 428 1702 sensum
457 1621 761 1728 explicavimus,
790 1637 889 1700 usus·
914 1619 1046 1700 fuerit.
1068 1618 1149 1702 Sed
1166 1622 1376 1732 'numquid
1404 1623 1480 1701 alit
1506 1620 1635 1702 forma

264 1744 325 1822 uti
353 1743 528 1851 poterit?
546 1741 659 1844 Quid
686 1771 804 1850 ergo,
828 1744 861 1823 si
885 1771 933 1824 ex
957 1742 1108 1851 adjecta
1136 1741 1266 1822 formal
1292 1740 1466 1842 dubium
1486 1745 1560 1842 sit,
1582 1773 1636 1826 au

262 1879 429 1947 testator
448 1864 640 1967 voluerit,
655 1882 703 1944 ut
718 1865 846 1944 haeres
864 1866 1059 1945 electione
1072 1865 1194 1944 semel
1210 1865 1309 1944 facti
1328 1863 1496 1954 omnino
1506 1884 1635 1946 tenea·

262 2001 346 2088 tur,
365 2015 416 2066 an
434 1986 625 2090 voluerit,
645 2004 692 2067 ut
711 1987 951 2108 electionem
969 1991 1123 2069 variare
1145 2015 1274 2098 usque
1295 1984 1345 2065 ad
1369 1988 1427 2066 rei
1450 1977 1635 2068 traditioss

261 2135 356 2186 nem
384 2109 535 2215 possit?
553 2109 685 2214 Quid,
704 2112 737 2190 si
759 2139 808 2192 ex
828 2110 979 2220 adjecti
1000 2110 1127 2191 torma
1143 2108 1244 2189 nihil
1271 2111 1408 2216 quoad
1426 2109 1532 2188 hanc
1547 2135 1634 2189 rem

262 2231 392 2338 possit
401 2229 926 2327 eruilExistimamus,tunc
937 2230 1137 2310 haeredem
1149 2229 1384 2340 poenitentid
1394 2229 1633 2311 electionem

263 2351 405 2431 factam
428 2352 582 2430 variare
605 2378 722 2460 posse
750 2351 951 2462 usquead
978 2354 1038 2432 rei
1056 2351 1191 2432 electae
1214 2353 1528 2459 praestationem,
1546 2371 1635 2434 tum

262 2476 359 2586 quia
386 2491 427 2555 et
445 2475 574 2554 haeres
597 2474 749 2554 variare
772 2502 860 2554 eam
884 2490 1041 2582 poterat
1068 2472 1118 2554 de
1141 2473 1231 2583 jure
1259 2475 1401 2577 veteri,
1428 2492 1517 2554 tum
1538 2480 1635 2587 quia
1767 2463 1774 2476 ⁸

262 2597 307 2676 in
336 2594 464 2674 dubio
494 2597 752 2702 praesumitur
779 2613 942 2686 testator
974 2598 1147 2677 maxima
1180 2623 1274 2704 erga
1308 2595 1508 2677 haeredem
1536 2626 1633 2680 usus
1717 2681 1721 2688 ,

261 2713 382 2796 fuisse
404 2715 591 2802 facilitate
618 2734 739 2828 atque
758 2716 1050 2802 benevolentia.

314 2928 453 3040 Itaque
472 2927 655 3034 demum,
672 2947 719 3011 ut
735 2958 780 3012 ea
793 2958 884 3040 quae
896 2929 947 3005 de
960 2929 1149 3031 generice
1166 2948 1237 3007 aut
1248 2931 1486 3011 alternativo
1499 2933 1634 3043 legato

263 3052 761 3154 scripsimus‚colligamus
775 3048 816 3128 et
835 3044 886 3126 ad
908 3046 1010 3125 hanc
1031 3073 1155 3157 quam
1176 3064 1408 3151 tractamus,
1425 3059 1633 3138 materiam

265 3167 515 3277 adaptemus,
534 3168 675 3248 sithoc
692 3170 937 3277 principium
952 3196 961 3247 :
976 3169 1136 3279 quoties
1154 3170 1198 3248 in
1213 3168 1344 3275 legato
1362 3176 1550 3277 generice
1564 3199 1633 3261 aut

264 3292 498 3371 alternativo
520 3290 663 3371 electio
684 3290 873 3399 legatario
892 3291 1105 3401 competit,
1125 3293 1245 3372 toties
1267 3294 1326 3373 rei
1350 3294 1486 3401 legatae
1508 3300 1634 3384 domi.

263 3417 380 3495 nium
391 3415 474 3494 abit
489 3416 533 3494 in
546 3413 947 3533 legatariumuabsque
964 3414 1179 3496 traditione
1189 3414 1266 3497 sed
1286 3435 1377 3528 post
1394 3419 1634 3507 electionem

264 3534 409 3617 factam
420 3536 698 3640 solummodo,
713 3538 810 3649 quia
826 3538 976 3619 scilicet
993 3538 1135 3621 electio
1154 3570 1178 3621 a
1197 3539 1385 3647 legatario
1396 3546 1521 3625 semel
1535 3544 1636 3628 facta

263 3660 408 3739 variari
434 3660 607 3767 amplius
627 3686 712 3740 non
739 3678 890 3769 potest,
911 3661 1094 3774 adeoque
1112 3691 1198 3743 non
1221 3692 1351 3774 usque
1379 3663 1431 3773 ad
1449 3665 1633 3751 ultimum

264 3782 324 3861 rei
352 3785 647 3889 praestationem
677 3785 823 3892 speciei
836 3842 838 3849 ,
851 3784 1132 3869 determinatio
1162 3785 1422 3895 suspenditur
1433 3815 1448 3884 ;-
1473 3777 1632 3900 quoties

266 3914 401 4023 autern
428 3903 568 3987 electio
589 3900 795 4014 ‘competit
819 3906 987 4012 haeredi,
1011 3908 1296 4015 distinguimus
1322 3936 1373 3989 an
1397 3909 1634 3998 electionem

266 4020 395 4102 haeres
422 4029 573 4103 variare
593 4031 738 4133 possit,
759 4058 812 4109 an
830 4059 916 4111 non
935 4033 1086 4142 possit:
1102 4032 1136 4111 si
1157 4057 1242 4110 non
1261 4032 1409 4138 possit,
1429 4053 1521 4141 post
1538 4017 1634 4121 elec·

151 4246 159 4257 .
266 4144 421 4225 tionem
441 4172 605 4255 quoque
636 4151 759 4235 semel
785 4152 929 4234 factam
955 4155 1101 4265 speciei
1130 4151 1265 4233 electae
1292 4152 1521 4238 dominium
1548 4162 1634 4269 abit

237 4342 239 4348 .
268 4268 353 4347 sine
378 4264 592 4351 traditione
617 4271 887 4385 subsequente
917 4277 972 4359 ob
997 4276 1183 4359 eamdem
1206 4275 1427 4377 rationem
1456 4282 1490 4360 si
1510 4290 1636 4392 possit

269 4388 442 4496 variare,
461 4391 688 4473 dominium
709 4423 793 4475 non
817 4398 902 4478 abit
918 4399 1129 4499 nisifactci
1142 4398 1377 4497 tmdztune,
1400 4430 1493 4483 cum
1507 4436 1636 4519 usque

272 4513 322 4593 ad
347 4514 606 4598 traditionem
635 4518 791 4623 ffictam,
816 4538 969 4607 mutare
1000 4522 1236 4604 electionem
1261 4530 1573 4637 queat..Paucis;
1591 4535 1636 4619 in

278 4660 283 4667 ·
483 4645 526 4715 ιι.
727 4732 731 4743 ,
1137 4666 1159 4698 ··
1372 4654 1408 4738 ,4
