4509 5875
591 682 833 758 unsrouuo
858 683 922 753 so
945 683 1113 776 Qonsr.
1138 684 1276 754 sumn
1571 679 1617 781 37

259 867 431 946 suumin
448 865 749 969 translationem
762 869 932 952 dominii
942 863 1208 976 suspendisse,
1222 863 1353 944 donec
1361 863 1535 972 pretium
1553 890 1618 942 so·

260 989 391 1068 lutum
415 991 467 1069 sit
490 1007 560 1068 aut
588 989 686 1070 fides
708 991 759 1071 de
779 1021 828 1071 eo
854 989 998 1070 habita.
1025 991 1077 1068 Et
1098 990 1153 1066 ita
1174 980 1386 1093 explicavit
1406 985 1619 1067 nobishoc

261 1129 457 1219 puuctum
485 1112 684 1190 Dominus
706 1115 895 1192 Duunuru
909 1115 958 1190 in
977 1106 1300 1214 praelectionibus
1321 1107 1442 1212 supri
1466 1109 1531 1213 jus
1549 1135 1620 1188 na·

258 1233 386 1314 turale
405 1227 568 1332 habitis,
590 1247 630 1310 et
649 1233 849 1340 explicant
868 1235 1105 1340 interpretes
1125 1227 1227 1337 juris
1247 1227 1417 1307 Romani
1444 1227 1620 1309 celeber·

258 1354 349 1430 rimi
369 1355 476 1430 inter
494 1379 598 1462 quos
617 1357 787 1436 meus
815 1355 856 1436 e't
877 1353 956 1434 alii.

312 1563 374 1649 Ex
391 1559 501 1638 hisce
518 1585 617 1638 uero
634 1577 762 1668 patet,
780 1559 1075 1640 admittendum
1092 1585 1178 1638 non
1195 1585 1280 1640 esse
1300 1561 1414 1668 quod
1435 1559 1623 1640 nonnulli
1751 1655 1755 1666 Ι

258 1683 390 1784 aiunt,
404 1680 553 1788 injure
570 1683 753 1764 Romano
778 1710 914 1764 casum
932 1679 1034 1785 dari,
1052 1681 1096 1760 in
1113 1708 1198 1789 quo
1211 1698 1362 1788 praeter
1376 1681 1634 1782 volantatem

259 1821 300 1882 et
317 1818 458 1882 caetera
473 1807 665 1914 requisita
677 1805 778 1917 quid
795 1806 958 1918 alterius
967 1821 1170 1914 quaeratur
1188 1820 1236 1885 ut
1253 1801 1481 1884 dominium
1500 1820 1629 1886 trans·-

257 1923 436 2006 feratur:
456 1926 700 2008 solutionem
727 1929 837 2008 euim
861 1929 979 2036 pretii
1000 1945 1070 2006 aut
1090 1925 1141 2007 de
1169 1927 1299 2034 pretio
1319 1925 1442 2006 fidem
1469 1926 1622 2008 haben·

227 2091 228 2096 Ν
256 2045 355 2128 dam
372 2051 416 2129 in
428 2051 545 2132 causi
564 2049 810 2130 venditionis
828 2077 908 2129 non
915 2049 1325 2160 proeterooluntatem
1340 2046 1411 2130 sed
1422 2047 1484 2128 ad
1494 2051 1624 2153 {osam

262 2167 512 2248 voluntatem
531 2171 705 2276 requiri,
720 2173 1043 2248 demonstratum
1060 2189 1130 2246 est.
1176 2178 1187 2220 ·’

315 2367 516 2455 Caeterum
543 2391 684 2482 praeter
698 2403 768 2464 ea
782 2403 875 2486 quae
901 2375 984 2484 jam
1012 2357 1202 2478 diximus,
1222 2390 1263 2452 et
1290 2401 1379 2484 quae
1402 2375 1624 2482 specialiter

256 2495 310 2575 ad
324 2495 427 2576 hane
436 2498 640 2576 materiam
651 2496 958 2608 pertinent,-alia
971 2499 1137 2606 insuper
1145 2499 1420 2607 requiruntur,
1428 2516 1477 2590 ut
1488 2495 1623 2580 adesse

256 2615 443 2696 voluntas
458 2617 728 2724 intelligatur,
741 2647 849 2730 quae,
867 2623 1050 2730 quamvis
1072 2619 1257 2729 praedicta
1289 2648 1372 2700 non
1393 2623 1535 2732 utique
1563 2614 1625 2703 co¹

257 2737 391 2817 mitari
409 2736 586 2844 soleant,
600 2739 665 2822 hic
683 2757 817 2822 tamen
839 2743 970 2822 omitti
989 2769 1244 2854 nequaquam
1260 2763 1443 2856 possunt,
1458 2773 1555 2825 cum
1574 2745 1624 2824 ad

221 2860 559 2943 ‘translationem
587 2863 758 2944 dominii
790 2881 933 2973 praeter
955 2863 1216 2975 traditionem
1250 2868 1417 2977 omuino
1454 2868 1535 2955 sint
1560 2856 1645 2949 re-'.

252 2986 421 3091 quisita,
438 2987 620 3099 adeoque
642 2987 768 3093 'hujus
791 3009 918 3090 quam
938 2976 1193 3061 enucleamus
1218 2985 1449 3091 quaestionis
1469 3006 1624 3092 partem

255 3102 418 3180 faciant.

311 3291 517 3372 Nimirum
531 3306 579 3369 ut
598 3290 784 3372 voluntas
807 3292 926 3393 adsit,
945 3294 1074 3406 qualis
1092 3298 1313 3408 requiritur
1333 3298 1384 3379 ad
1397 3299 1624 3382 dominium

260 3412 598 3514 transferendum,
626 3412 877 3496 desideratur
902 3434 942 3495 1⁰
958 3446 968 3515 ;
984 3437 1030 3497 ut
1043 3422 1114 3529 qui
1134 3450 1221 3501 rem
1240 3419 1361 3501 tradit
1379 3424 1444 3503 vel
1466 3426 1624 3531 accipit,

265 3536 438 3644 gaudeat
463 3536 648 3643 naturali
662 3536 845 3618 facultate
868 3540 910 3618 iu
928 3534 1229 3625 translationem
1245 3546 1417 3626 dominii
1434 3544 1518 3652 ejus
1535 3563 1629 3623 coni

266 3660 495 3740 sentiendir
516 3659 700 3771 adeoque
713 3662 897 3744 voluntas
910 3690 995 3743 non
1004 3665 1115 3746 adest
1129 3670 1171 3746 in
1184 3668 1420 3771 infantibus,
1435 3668 1627 3747 in'mente

266 3784 409 3889 captis,
427 3780 703 3885 dementibus,
721 3784 903 3886 furiosis,
920 3792 992 3898 qui
1011 3790 1195 3870 nesciunt
1210 3790 1310 3901 quid
1329 3809 1463 3897 agant,
1481 3793 1628 3871 minus·

268 3904 414 4013 quein
443 3901 520 3980 hoc
549 3904 661 4009 quod
690 3926 834 4013 agunt,
853 3914 1109 3994 consentiunt
1129 3944 1140 3993 ε
1159 3916 1210 3993 de
1239 3914 1467 3996 minoribus
1495 3930 1644 4017 autem

269 4050 354 4101 non
364 4021 581 4140 infantibus
594 4042 635 4103 et
644 4023 695 4105 de
704 4030 899 4137 prodigis,
911 4035 1005 4142 quia
1018 4064 1142 4145 perse
1152 4034 1429 4117 consentiendi
1447 4034 1630 4117 facultate

270 4141 462 4251 gandent,
482 4144 553 4224 sed
572 4144 626 4224 ob
645 4147 784 4255 judieii
804 4154 1074 4241 infirmitatem
1093 4178 1134 4240 et
1158 4160 1413 4269 experientiae
1430 4147 1629 4242 defectum

271 4285 340 4346 aut
359 4266 681 4375 prodigalitatem
705 4292 746 4351 et
765 4276 1068 4368 administrandi
1099 4284 1296 4390 ineptiam
1314 4282 1401 4388 lege
1429 4283 1629 4390 aliquater

275 4417 352 4468 nus
389 4388 683 4496 destituuntur,
719 4396 773 4473 ita
802 4415 847 4476 ut
862 4426 1082 4492 consensus
1105 4429 1247 4480 eorum
1274 4430 1357 4483 nou
1384 4401 1525 4503 valeat,
1552 4404 1630 4483 uisi

270 4514 417 4593 tutoris
433 4532 503 4597 aut
522 4518 714 4599 curatoris
734 4516 1036 4603 confirmatione
1049 4540 1255 4629 augeatur,
1274 4525 1327 4607 de
1346 4526 1426 4631 his,
1435 4525 1631 4636 inquam,
