4509 5875
581 586 626 658 16
1013 584 1248 659 DECRETA
1271 586 1333 658 ET
1357 586 1491 658 Acta

621 728 734 825 Quod
756 752 800 804 eo
821 729 972 829 quidem
993 744 1159 831 tempore
1172 731 1307 803 factum
1320 732 1511 816 videmus,
1527 725 1594 801 ubi
1604 726 1810 805 decrescere
1819 734 1941 832 splen·

510 924 514 933 ,
574 846 644 919 dor
662 859 699 918 et
716 847 756 917 iu
776 867 943 917 occasum
963 866 1111 940 vergere
1130 843 1233 925 urbia
1250 842 1446 915 ridebatur
1468 841 1542 937 (3),
1560 855 1604 913 ut
1626 841 1703 913 haec
1720 846 1947 920 Univeraitas·
2058 888 2064 896 ·

575 962 680 1058 quasi
696 984 795 1032 sacra
816 958 1087 1031 existimaretur
1105 957 1281 1065 anchora,
1299 954 1348 1029 ad
1365 980 1477 1054 quam
1492 956 1564 1030 taeti
1582 953 1870 1055 confugiebant,
1889 984 1944 1031 ca·

572 1072 735 1145 lumitate
764 1084 1022 1174 tempestatum
1051 1072 1224 1158 contriti,
1256 1070 1505 1143 Iuvanieuses
1526 1082 1563 1142 et
1582 1070 1759 1143 ceteri-
1782 1070 1944 1145 Athenas

569 1185 641 1280 jam
661 1186 831 1281 Belgicae.

621 1334 692 1405 Cui
731 1332 911 1420 literarum
942 1332 1199 1407 humaniorum
1231 1331 1495 1421 Universitati,
1527 1353 1648 1429 quum
1673 1328 1814 1404 deesset
1842 1330 1945 1404 Ordo

572 1444 846 1545 Theologorum
872 1446 1166 1541 (Academiarum
1187 1447 1287 1517 enim
1314 1446 1570 1542 erigendarum
1595 1469 1640 1518 eo
1667 1460 1833 1543 tempore
1857 1444 1946 1517 finis

574 1556 644 1628 fuit
675 1558 933 1629 humaniorum
959 1556 1149 1627 literarum
1173 1559 1317 1653 cuitus)
1343 1582 1428 1630 eum
1458 1572 1629 1657 precante
1650 1562 1824 1630 Pmnrrao
1843 1566 1945 1631 Bono

574 1664 716 1740 Comite
739 1666 882 1739 addidit
900 1672 1084 1750 Euonmus
1099 1674 1134 1741 11
1155 1676 1192 1742 P.
1210 1674 1257 1756 M,
1284 1672 1348 1769 (4).

621 1837 793 1904 Ceterum
813 1831 891 1905 haec
909 1836 1153 1925 Universum,
1170 1858 1283 1933 quam
1307 1832 1384 1906 iere
1413 1833 1634 1934 Theologam
1656 1832 1792 1905 dixeris
1809 1834 1879 1931 (5),
1898 1835 1947 1907 ab

575 1946 863 2045 Imperatoribus
889 1946 1094 2035 custodita3
1127 1939 1240 2047 quam
1270 1948 1428 2021 Romani
1444 1944 1640 2018 Pontifices
1660 1948 1701 2016 iu
1728 1949 1814 2019 siun
1847 1944 1948 2020 fose-

574 2060 665 2132 bant
685 2059 759 2155 (6);
777 2070 865 2157 'qua
874 2062 1090 2158 Apostolicae
1106 2063 1208 2144 Sedis
1228 2064 1330 2158 justa
1348 2062 1605 2136 coloniensem
1622 2074 1775 2141 matrem
1795 2059 1969 2134 fortuni.

574 2197 679 2245 mum
710 2172 984 2263 fulcimentum,
1003 2173 1099 2263 fuit3
1134 2200 1216 2272 quae
1248 2190 1428 2273 potestate
1465 2190 1502 2247 et
1541 2158 1707 2273 potentia
1746 2174 1951 2252 immodica

577 2285 735 2382 (forsan
766 2301 803 2358 et
821 2289 938 2357 ruinae
965 2290 1086 2383 prima
1119 2290 1264 2383 causa)
1296 2290 1519 2387 imperantes
1557 2288 1785 2385 adaquavit,
1816 2303 1950 2386 typum

577 2399 691 2469 aetatis
718 2422 791 2469 suae
813 2398 956 2495 egregie
975 2403 1162 2497 expressit.
1188 2406 1252 2473 Ast
1269 2423 1357 2473 vero
1379 2405 1489 2473 etiam
1519 2401 1579 2473 vel
1608 2417 1693 2497 post
1710 2416 1855 2473 renatas
1881 2423 1952 2497 per

578 2510 708 2584 orbem
740 2526 919 2587 terrarum
951 2511 1072 2585 literas
1097 2532 1140 2580 ac
1163 2505 1466 2609 Iurisprudentiae
1495 2508 1705 2608 praeprimis¹
1731 2512 1877 2599 studia,
1907 2515 1952 2610 iu

617 2702 662 2780 (3)
680 2706 757 2779 Lege
772 2706 798 2759 t.
813 2704 910 2765 Lmen
927 2700 1102 2770 LoranIum,
1115 2699 1137 2755 i.
1154 2716 1180 2755 e.
1192 2698 1296 2775 oppidi
1312 2709 1342 2765 et
1355 2696 1517 2755 Academiae
1533 2699 1656 2769 Iovsuii
1671 2699 1806 2775 descript.
1819 2704 1878 2759 LI..
1902 2706 1953 2775 III

577 2798 611 2856 in
623 2802 702 2873 opp.
724 2798 760 2852 Τ.
778 2798 831 2851 111.
851 2796 1017 2870 Antrerpiae
1039 2792 1112 2865 1637
1126 2832 1137 2865 ,
1153 2792 1208 2850 iol.
1225 2793 1309 2851 Circa
1332 2810 1385 2863 ea,
1411 2810 1475 2869 quse
1496 2794 1557 2851 huc
1577 2793 1704 2850 maxime
1720 2806 1852 2869 spectant
1862 2838 1870 2870 ,
1887 2799 1955 2857 sid.

581 2896 616 2951 1..
630 2896 670 2951 11.
679 2908 744 2969 cap.
755 2892 794 2950 X.
808 2891 864 2949 xl.
877 2890 947 2950 XII.

620 3081 664 3164 (t)
684 3083 781 3143 Hodie
794 3083 913 3161 quoqne
932 3083 1012 3143 deest
1025 3085 1127 3157 uobis,
1143 3083 1243 3142 dolor!
1260 3081 1308 3141 laic
1323 3083 1545 3164 Theolcgomm
1566 3083 1662 3154 Ordo,
1681 3083 1775 3142 donec
1792 3084 1868 3143 inito
1884 3105 1953 3145 enus

582 3197 664 3241 saera
677 3181 751 3240 Sede
765 3179 945 3239 concordata
959 3183 1020 3240 huc
1035 3199 1103 3258 pars
1112 3180 1276 3239 studiorum
1292 3179 1460 3255 integrans,
1473 3179 1562 3256 Regu
1569 3179 1829 3238 munificentissimi
1841 3183 1955 3258 gratia,

581 3277 684 3342 noterit
701 3276 842 3336 doctrinis
854 3275 1016 3350 adjicietur.
1034 3278 1148 3334 Interea
1166 3276 1279 3334 Inutilis
1291 3273 1352 3332 iere
1361 3273 1441 3348 jacet
1459 3284 1538 3332 totus
1553 3275 1773 3350 Tieologornm
1786 3293 1908 3350 operum
1922 3277 1956 3344 iu

584 3371 767 3435 Bibliotheca
779 3390 840 3430 uon
859 3371 983 3449 exignus
997 3373 1162 3430 thesaurus.
1180 3372 1316 3428 Ceterum
1327 3387 1392 3443 spes
1404 3368 1488 3428 adest
1500 3378 1529 3424 et
1537 3406 1548 3440 ‚
1564 3385 1632 3429 oum
1646 3368 1704 3422 hoc
1723 3378 1825 3426 usstm
1841 3378 1957 3444 tenpu-

581 3485 614 3523 re
626 3466 725 3524 omuia
740 3478 773 3524 et
788 3485 859 3525 vero
875 3468 963 3538 etiarn
979 3469 1043 3544 ipsa
1058 3467 1222 3526 Academia
1239 3478 1345 3530 nosuse
1359 3463 1620 3547 reparatioprseter
1641 3479 1722 3540 spem
1739 3461 1956 3538 contingerent,

580 3562 606 3618 ai
621 3562 840 3637 quodammodo
852 3582 869 3621 e
882 3584 980 3623 rerurn
988 3561 1180 3628 slmilitudirre
1192 3580 1260 3619 oum
1273 3560 1380 3629 nostris
1391 3560 1510 3625 illarum
1524 3556 1627 3615 similis
1643 3575 1761 3632 quoque
1773 3557 1867 3613 exitus
1881 3577 1954 3616 con-

579 3658 632 3731 jici
647 3659 750 3728 liceat;
768 3659 800 3713 in
817 3660 873 3714 hae
899 3659 1023 3736 ipsamet
1039 3657 1229 3730 similitudine
1246 3656 1343 3712 felices
1366 3655 1535 3728 conspicere
1554 3669 1622 3708 area
1644 3651 1689 3708 Ias
1711 3663 1754 3708 est
1771 3672 1779 3709 ε
1794 3663 1953 3728 pmpterea

582 3751 665 3827 quod
687 3751 857 3808 universum
875 3750 1114 3825 Iurisprndentise
1138 3749 1286 3820 studium,
1309 3749 1377 3822 jure
1394 3747 1534 3804 nimirum
1552 3746 1700 3804 &nonico
1721 3765 1783 3804 nou
1807 3749 1954 3823 explicato

583 3843 688 3922 (quod
706 3843 833 3900 edictum
842 3842 955 3918 regium
971 3843 1040 3913 lert,
1054 3842 1101 3900 die'
1112 3844 1214 3900 xm
1226 3844 1352 3920 Augusti
1366 3843 1582 3904 uncocxvn
1594 3883 1605 3914 ,
1618 3852 1656 3900 n⁰
1671 3842 1745 3911 adri
1754 3843 1874 3919 datum)
1886 3845 1955 3902 licat

479 3981 484 3992 .
582 3941 643 4008 haec
659 3939 772 4014 jurium
792 3955 861 4014 pars
876 3937 938 3995 iere
952 3951 1033 3996 extra
1052 3957 1138 3996 usum
1156 3939 1286 4013 venerit,
1299 3955 1436 3996 mancum
1448 3937 1667 4016 quodammodo
1685 3936 1749 4004 erit.

625 4129 668 4208 (5)
688 4130 834 4190 clariores
856 4130 969 4208 aliquot
998 4129 1166 4208 Theologos
1188 4131 1290 4192 laudat
1314 4133 1354 4189 rt.
1376 4132 1490 4190 clauus
1516 4130 1549 4188 in
1571 4148 1659 4206 opere
1672 4129 1751 4188 inira
1775 4129 1956 4204 nominsudo

585 4246 618 4304 p,
636 4227 763 4305 37-39.

629 4399 673 4478 (6)
693 4401 729 4459 Et
745 4401 884 4478 aquibus
902 4400 1018 4478 penitus
1032 4411 1096 4460 erat
1111 4419 1258 4478 suspensa.
1275 4402 1344 4460 vid.
1366 4403 1458 4479 Epist.
1476 4403 1569 4469 clem,
1589 4403 1633 4468 xt
1651 4402 1684 4459 Ρ.
1697 4402 1742 4467 tt.
1755 4401 1801 4464 ‚ad
1812 4400 1955 4462 Araden.

593 4497 705 4558 Loran.
722 4496 754 4561 iu
775 4495 1155 4576 ejuaEp.etBrer.li01nae
1172 4506 1272 4571 1724,
1288 4501 1324 4558 T.
1334 4502 1357 4569 1.
1375 4518 1404 4578 p.
1415 4519 1465 4577 9¹·
