4509 5875
587 693 632 766 to
815 695 1059 768 cornuum
1085 692 1186 766 cra.
1211 693 1330 766 vrcr.
1355 693 1454 764 van
1476 693 1571 778 nau
1596 640 1715 762 urna

971 981 1199 1090 CAPUT
1232 983 1562 1088 TERTIUM.

587 1276 831 1422 Quanam
842 1301 1025 1418 preater
1048 1279 1351 1381 traditionem
1378 1280 1482 1381 olm
1503 1281 1606 1410 sciet
1621 1278 1876 1425 requtiito,
1900 1307 1954 1380 ut

935 1481 1204 1608 dominium
1235 1485 1588 1642 tramserutur?

639 1837 729 1917 lam
746 1835 840 1916 satis
857 1852 1061 1948 superque
1079 1837 1234 1918 dictum
1256 1856 1332 1941 eet,
1350 1839 1423 1920 ubi
1441 1840 1494 1921 de
1515 1840 1732 1923 traditione
1755 1850 1955 1947 ageretm‘,

587 1959 705 2040 nudae
728 1977 769 2038 et
789 1960 980 2068 simplicis
1006 1962 1234 2042 traditionis
1254 1962 1442 2043 effectum
1462 1964 1572 2043 hunc
1596 1965 1764 2044 unicum
1788 1991 1890 2066 ease,
1913 1981 1958 2042 ut

587 2107 650 2160 res
680 2081 823 2159 tradita
845 2100 1019 2164 manseat
1040 2086 1084 2163 in
1112 2101 1352 2192 potestatem
1382 2087 1634 2193 accipientis;
1660 2103 1823 2162 coeteros
1847 2088 1957 2162 enim

588 2201 769 2302 ellectus,
782 2203 854 2312 qui
875 2199 1138 2280 traditionem
1157 2208 1397 2312 plerumque
1414 2225 1661 2311 sequuntur,
1679 2231 1766 2283 non
1785 2207 1864 2310 ipsi
1875 2221 1956 2284 tra·

591 2323 737 2402 ditioni
760 2325 909 2420 inesse;
936 2321 1008 2402 sed
1037 2350 1087 2402 ex
1114 2324 1231 2404 causd
1259 2324 1426 2404 externa
1451 2324 1675 2433 proficisci,
1702 2353 1854 2436 eosque
1883 2353 1959 2437 pro

592 2447 711 2528 causa
728 2447 838 2528 varia
868 2446 1000 2528 varios
1020 2473 1194 2560 quoque⁴
1209 2447 1393 2528 existere.

643 2675 750 2756 Hinc
764 2673 886 2784 pleno
900 2673 1014 2756 alveo
1029 2673 1135 2779 fluit,
1154 2674 1206 2755 ad
1217 2675 1446 2755 dominium
1464 2671 1786 2754 transierendum
1808 2672 1961 2752 nudam

590 2796 850 2878 traditionem
876 2826 1132 2911 nequaquam
1156 2799 1361 2896 sufficere3
1386 2797 1458 2878 sed
1484 2797 1560 2877 alia
1587 2795 1751 2876 aliunde
1771 2797 1963 2911 requisita

589 2918 849 3025 traditionem
877 2919 1101 3024 praecedere
1128 2940 1199 2997 aut
1224 2923 1410 3021 comitari
1441 2919 1608 3021 debere,
1626 2918 1778 3031 quibus
1804 2919 1963 3029 adotan7

589 3038 701 3139 tibus
729 3039 838 3118 hunc
866 3034 1053 3119 ellectum
1077 3036 1242 3117 traditio
1268 3040 1410 3117 sortita
1427 3067 1512 3121 esse
1532 3043 1793 3142 intelligatur.

646 3284 743 3365 Haec
758 3282 948 3396 requisita
959 3281 1093 3395 qualia
1111 3283 1207 3387 sint,
1217 3282 1419 3397 quaeritur.
1438 3280 1542 3385 Nos,
1556 3298 1700 3390 praeter
1717 3280 1964 3367 voluntatem

594 3422 635 3485 et
665 3422 906 3515 potestatem
929 3404 1193 3489 transferendi
1227 3406 1398 3488 dominii
1421 3406 1465 3484 in
1488 3400 1673 3485 tradente
1695 3399 1878 3519 illudque
1900 3407 1964 3487 acss

595 3528 785 3639 quircudi
816 3532 860 3611 in
894 3526 1112 3639 accipiente
1141 3529 1243 3609 nihil
1280 3530 1451 3611 ulterius
1481 3528 1661 3639 requiri,
1698 3530 1961 3629 sustinemus,

593 3652 747 3758 justum
771 3656 882 3737 enim
903 3654 1069 3738 titulum
1094 3656 1172 3765 ipsi
1197 3652 1396 3737 voluntati
1422 3653 1560 3735 inesse.

1241 3894 1267 3991 §
1297 3916 1326 3964 r.

1129 4076 1194 4154 De
1211 4074 1437 4155 Voluntate.

660 4288 717 4370 Ut
751 4293 966 4376 traditione
999 4292 1228 4374 dominium
1262 4293 1546 4400 transferatur,
1575 4292 1798 4405 requiritur
1830 4295 1963 4404 itaque

585 4414 725 4525 primo
757 4412 943 4497 voluutas
971 4418 1199 4499 dominium
1230 4418 1498 4499 transferendi
1527 4420 1571 4499 in
1597 4416 1802 4521 tradente,
1828 4418 1964 4527 acqui·
2030 4422 2033 4425 ’

600 4534 717 4621 rendi
745 4532 848 4619 illud
875 4534 920 4617 in
947 4542 1191 4650 accipiente,
1221 4559 1262 4622 et
1288 4540 1367 4621 hoc
1391 4540 1560 4655 quidem
1586 4569 1635 4625 ex
1652 4541 1762 4652 jurie
1778 4537 1966 4651 naturalia
