4509 5875
652 601 699 686 dd
884 599 1127 672 GUILIELMI
1152 604 1250 678 CAR·
1275 605 1392 674 vlcr.
1416 597 1514 676 van
1537 604 1632 675 DEN
1654 603 1775 675 DAIAE

652 813 693 876 et
708 794 945 876 transfertur
965 795 1201 875 dominium·
1210 799 1270 876 rei
1290 825 1381 903 qiua
1399 798 1574 880 traditur
1594 821 1642 872 ex
1662 813 1869 878 contractu
1881 800 2007 905 nullo,

556 1011 559 1018 ,
649 919 709 995 rei
731 943 821 1025 quae
841 910 1037 1015 traditur,
1060 916 1243 1024 quamvis
1268 915 1380 996 nulla
1403 942 1521 999 causa
1543 941 1592 995 ex
1609 931 1723 1023 parte
1742 923 1801 995 rei
1822 920 1958 1000 subsit.

702 1121 783 1202 Sed
811 1125 930 1204 instat
955 1139 1092 1204 noster
1113 1123 1325 1224 Huberus,
1353 1126 1410 1204 sic
1437 1125 1716 1206 ratiocinando
1745 1153 1757 1204 :
1784 1144 2014 1210 contractus

649 1245 891 1353 supponitur
910 1245 1046 1326 nullus
1066 1273 1151 1326 esse
1169 1305 1181 1349 ,
1198 1244 1313 1355 quod
1330 1244 1490 1326 nullum
1509 1262 1570 1326 est
1593 1247 1729 1330 nullos
1746 1248 1939 1356 producit
1955 1249 2015 1327 ef-

648 1367 773 1454 fectus
791 1429 802 1468 ,
822 1369 936 1478 atqui
956 1385 1091 1448 tamen
1115 1367 1381 1474 produceret,
1410 1371 1446 1447 si
1471 1395 1521 1448 ex
1550 1370 1696 1450 eodem
1731 1369 2017 1452 transferretur

651 1487 888 1570 dominium.
910 1489 991 1569 Sed
1013 1514 1205 1594 negamus
1222 1491 1553 1596 consequentiam
1572 1517 1583 1587 3
1599 1517 1747 1569 verum
1770 1491 1941 1599 quidem
1957 1506 2018 1570 est

653 1627 903 1690 contractum
929 1611 1089 1689 nullum
1120 1609 1286 1686 allectus
1317 1609 1452 1686 nullos
1477 1609 1740 1712 producere,
1764 1611 1939 1717 ideoque
1968 1636 2019 1691 ex

652 1749 861 1814 contractu
885 1730 999 1811 nullo
1018 1759 1103 1812 non
1126 1731 1280 1812 orietur
1300 1728 1491 1836 obligatio
1514 1727 1757 1835 personalis,
1777 1755 1863 1808 nou
1880 1733 2016 1811 orien-

650 1875 719 1938 tur
739 1859 914 1935 actiones
932 1855 1115 1936 oriundae
1133 1881 1183 1938 ex
1203 1870 1413 1934 contractu
1430 1850 1564 1932 valido
1584 1879 1597 1949 ;
1616 1849 1688 1931 sed
1705 1848 1875 1930 dominii
1893 1869 2017 1932 trans·

632 1976 745 2072 ¹„latio
764 2002 848 2055 non
869 1994 929 2056 est
947 1975 1111 2058 effectus
1132 1993 1361 2059 contractus
1379 1973 1450 2058 sed
1472 1974 1639 2056 effectus
1655 1973 1875 2055 traditionis
1892 2001 2016 2085 quun

651 2100 893 2182 comitantur
914 2098 1101 2182 voluutas
1124 2099 1391 2184 transferendi
1409 2099 1582 2182 dominii
1600 2113 1643 2178 et
1656 2109 1841 2204 potestas.

705 2308 790 2408 sed,
801 2309 1063 2396 fortissimum
1076 2313 1129 2384 ab
1146 2311 1315 2382 Hubero
1330 2303 1833 2410 p'rolssa't'ir‘mar‘gumentum
1849 2307 1927 2388 hoc
1943 2328 2020 2391 est:

653 2428 891 2508 donationes
913 2425 1001 2531 lege
1027 2423 1242 2535 prohibitae
1264 2425 1372 2504 inter
1394 2425 1529 2505 virum
1552 2442 1594 2504 et
1625 2451 1817 2528 uxorem,
1843 2432 1877 2508 si
1908 2430 2022 2531 fiant,

654 2547 775 2628 nullae
795 2565 890 2628 sunt
908 2575 918 2646 ;
936 2548 969 2627 si
985 2547 1067 2657 jam
1085 2573 1229 2628 rerum
1250 2563 1353 2627 esset
1365 2545 1581 2656 (quodnos
1596 2546 1875 2651 sustinemus),
1898 2549 2025 2631 domi·

651 2671 769 2752 nium
786 2669 990 2751 transferri
1001 2673 1176 2780 ,etiamsi
1194 2684 1420 2751 contractus
1429 2667 1564 2750 nullus
1575 2669 1643 2766 sit,
1655 2669 1776 2748 etiam
1793 2666 2024 2751 dominium

654 2795 714 2872 rei
744 2793 899 2874 donatae
919 2793 1127 2874 transferri
1153 2792 1338 2896 deberet,
1364 2792 1438 2873 etsi
1464 2789 1647 2895 donatio,
1670 2807 1717 2871 ut
1736 2793 1920 2899 ponitur,
1937 2822 2031 2876 nou

653 2916 781 2999 valeat
799 2946 808 3017 ;
828 2935 870 2999 et
889 2936 1022 3000 tamen
1045 2934 1200 2999 certum
1225 2929 1307 3020 est,
1333 2930 1373 2997 et
1400 2914 1535 2996 verbis
1557 2914 1754 3023 expressis
1776 2917 1809 2996 J.
1831 2917 1875 2998 C.
1904 2919 2025 2998 Arru-

526 3130 533 3151 ·
655 3068 774 3123 canus
788 3042 858 3146 (1)
888 3038 1049 3143 definit,
1080 3043 1140 3115 rei
1170 3038 1328 3112 donnae
1356 3036 1585 3107 dominium
1612 3062 1699 3105 nnn
1734 3028 1966 3135 iransfrrri,
1992 3038 2026 3115 si

655 3160 838 3263 donatio,
859 3175 1000 3268 utpote
1024 3158 1125 3236 facta
1145 3158 1252 3235 inter
1269 3150 1406 3231 virum
1434 3166 1476 3229 et
1503 3174 1696 3253 uxorem,
1715 3148 1827 3229 nulla
1846 3153 1905 3231 sit.
1926 3154 2025 3275 Res·

653 3281 799 3389 ponsio
831 3296 965 3360 tamen
1001 3294 1139 3389 parata
1164 3293 1252 3374 est;
1285 3299 1433 3380 nempe
1462 3270 1688 3379 specialiter
1718 3270 1935 3357 admissum
1965 3296 2027 3357 est

654 3404 757 3513 circa
776 3401 1019 3495 ,donationes
1044 3400 1307 3481 interritum
1335 3414 1377 3475 et
1394 3421 1567 3474 uxorem
1593 3392 1732 3497 factas,
1757 3413 1824 3498 ut,
1847 3402 1882 3479 si
1908 3398 2025 3503 fiant,

653 3528 713 3631 rei
732 3527 889 3609 donatae
906 3525 1136 3609 dominium
1155 3550 1241 3603 non
1257 3518 1540 3619 transferatur,
1552 3544 1636 3595 non
1656 3516 1767 3619 ideo,
1786 3521 1880 3627 quia
1898 3520 2022 3599 dona·

653 3651 713 3729 tio
736 3650 846 3738 nulla
872 3669 947 3757 est,
973 3648 1046 3733 sed
1082 3648 1219 3758 potius
1252 3642 1349 3755 quia
1374 3642 1441 3723 lex
1473 3636 1743 3719 transferentis
1772 3638 2025 3740 uoluntatem

656 3775 771 3883 quasi
798 3777 953 3854 irritam
976 3790 1016 3852 et
1044 3771 1199 3850 nullam
1221 3766 1378 3848 efficere
1402 3763 1548 3864 voluit,
1568 3788 1619 3840 ne
1636 3761 1787 3843 scilicet
1805 3766 1934 3845 causis
1957 3766 2024 3842 in-

630 3914 633 3925 '
654 3890 852 3997 honestis,
872 3913 913 3973 et
930 3894 1096 4003 profusi
1110 3922 1204 4001 erga
1217 3920 1260 3973 se
1281 3889 1456 3970 invicem
1475 3884 1673 3989 facilitate,
1694 3887 1883 3997 conjuges
1901 3888 2024 3967 bonis

530 4016 535 4029 ’
658 4020 939 4119 spoliarentur,
953 4015 1092 4124 sicque
1109 4015 1295 4118 venalitia
1313 4010 1571 4092 matrimonia
1589 4006 1733 4091 fierent
1750 4012 1816 4119 (a).
1841 4014 1953 4117 Ergo
1979 4012 2023 4089 in

701 4216 750 4307 (t)
772 4223 806 4286 L.
821 4222 908 4321 38,s
926 4248 941 4291 r
956 4230 992 4293 in
1006 4225 1073 4293 lina
1086 4222 1121 4288 ff.
1137 4221 1299 4289 desolata
1318 4219 1398 4285 Cum
1414 4221 1550 4286 mantus
1570 4225 1672 4289 uxori
1695 4222 1886 4301 donatunu,
1905 4220 2024 4286 dduc-

657 4342 722 4389 ναι
736 4326 1114 4402 amministrandam...
1127 4330 1250 4400 nunna·
1260 4327 1400 4395 multans
1420 4348 1486 4395 uon
1501 4323 1597 4421 fiant.

704 4426 752 4515 (r)
767 4427 803 4495 L.
825 4434 838 4495 i
857 4428 895 4495 tf.
909 4430 1043 4501 cledon.
1057 4433 1265 4503 intertinet
1285 4454 1339 4499 ux.
1420 4493 1425 4503 r
