4509 5875
620 613 669 685 58
858 619 1096 690 GUlLlELtlll
1119 621 1219 689 csR.
1244 616 1359 691 vlcT.
1377 624 1479 694 'sz
1504 622 1597 693 DEN
1620 622 1741 692 Dalm

620 815 792 895 minium
810 813 1039 898 traditione
1051 815 1389 898 tmnslatum'dici
1409 821 1493 898 non
1508 813 1652 925 posse,
1672 809 1752 898 nisi
1766 809 1992 898 nemisia-’²

619 955 686 1015 tur
711 964 834 1017 vacua
859 938 1076 1044 possessio}
1095 937 1167 1015 sed
1195 963 1338 1018 eorum
1360 963 1451 1046 quae
1479 935 1695 1044 colligunt,
1717 939 1820 1017 nihil
1843 951 1893 1018 ex
1909 939 1982 1018 istd

620 1061 706 1166 lege
724 1063 917 1170 sequitur.
937 1062 1042 1139 Nam
1060 1059 1174 1169 quod
1192 1062 1236 1138 in
1255 1061 1302 1139 ed
1319 1063 1613 1168 scriptumest:
1631 1089 1813 1144 uacuam
1822 1088 1982 1171 quoque

607 1185 888 1289 possessionem
915 1181 1011 1261 dari
1024 1201 1199 1292 oportere
1217 1211 1271 1260 ex
1292 1184 1501 1290 sliunicam,
1534 1211 1678 1264 verum
1705 1200 1789 1282 est3
1814 1202 1877 1266 ast
1897 1209 1984 1265 non

617 1303 709 1383 ideo
733 1330 893 1406 verum,
914 1305 1027 1415 qussi
1051 1331 1188 1385 vacuae
1217 1306 1478 1413 possessionis
1504 1305 1614 1386 datio
1635 1309 1857 1388 necessaria
1876 1321 1982 1389 esset

617 1423 669 1504 ad
681 1425 981 1505 translationem
1002 1424 1174 1503 dominii
1193 1424 1331 1534 hujus,
1348 1455 1471 1536 quem
1490 1427 1568 1506 sibi
1579 1429 1670 1537 quis
1678 1429 1984 1536 stipulatusest,

618 1543 751 1642 fundi,
777 1543 849 1624 sed
867 1543 960 1623 ideo
978 1560 1222 1639 nerninem,
1249 1548 1346 1650 quia
1371 1550 1443 1653 qui
1468 1547 1642 1626 fundum
1669 1548 1908 1653 stipulatur,
1935 1571 1983 1624 eo

620 1689 713 1772 sape
735 1649 869 1744 animo
888 1681 967 1764 est,
986 1678 1032 1743 ut
1049 1661 1166 1743 fundi
1190 1664 1484 1770 possessionem
1509 1669 1770 1759 nanciscatur.
1807 1766 1809 1769 Ι

985 2183 1211 2288 CAPUT
1247 2183 1618 2308 QUARTUM.

615 2462 766 2612 Quid
795 2455 998 2603 denique
1025 2456 1153 2558 erma
1179 2491 1240 2556 ea
1248 2456 1370 2598 jure
1393 2452 1624 2558 hodierno
1649 2461 2005 2579 consulatum?

675 2750 867 2832 Ultimum
885 2745 1142 2854 aggredimur
1157 2745 1440 2856 quaestionem,
1463 2772 1554 2854 quae
1572 2747 1705 2854 primo
1730 2744 1897 2856 quidem
1924 2747 1990 2828 in.

624 2875 730 2956 tuitu
749 2866 1242 2983 praecedentibuslacilior
1262 2865 1379 2951 nobis
1394 2867 1479 2949 visa
1497 2884 1578 2969 est,
1592 2866 1666 2947 sed
1685 2869 1828 2949 intime
1843 2871 1994 2949 exami-

625 3013 718 3083 nata
740 3022 853 3105 aeque
869 2992 1061 3089 difficilis,
1077 3018 1129 3073 ne
1147 2990 1279 3075 dicam
1299 2991 1446 3089 magis,
1461 2992 1663 3091 apparuit3
1678 2993 1864 3077 connecti
1883 2991 2001 3087 enim

626 3146 715 3199 eam
738 3118 888 3197 caeteris
907 3108 1197 3228 quaestionibus
1222 3105 1514 3202 existimamus,
1542 3105 1597 3214 ita
1619 3121 1675 3213 ut
1686 3106 1994 3214 complectatur,

626 3234 830 3348 quidquid
850 3235 1000 3318 caeteris
1017 3220 1307 3345 quaestionibus
1328 3228 1584 3338 propositum
1605 3244 1676 3306 est.
1700 3230 1819 3312 Unde
1842 3250 1890 3308 ut
1914 3235 1993 3312 rite

626 3356 889 3469 procedamus
910 3354 1087 3465 inhujus
1106 3341 1338 3465 quaestionis
1359 3350 1622 3454 solutionem,
1641 3348 1785 3429 iisdem
1804 3355 1994 3461 quaestio-

625 3483 747 3565 nibus
758 3478 980 3563 secundum
988 3478 1053 3590 jus
1063 3477 1320 3559 Hodiernum
1334 3470 1662 3582 respondendum
1676 3472 1796 3553 nobis
1810 3492 1885 3573 est,
1901 3478 1993 3585 qui-

626 3608 704 3689 hus
731 3622 847 3687 antea
876 3601 1099 3685 seeundum
1133 3602 1330 3711 principia
1356 3598 1459 3707 juris
1488 3598 1657 3707 Romani
1686 3596 1992 3705 respondimus,

628 3726 741 3838 quod
759 3727 902 3808 ordine
927 3726 1125 3807 faciemus.
1169 3719 1176 3727 ’
1489 3733 1491 3736 ’
2004 3721 2006 3724 ’

681 3954 745 4034 Ad
764 3954 933 4061 primam
951 3978 1076 4058 porro
1094 3950 1359 4061 quaestionem
1379 3941 1499 4057 (quid
1517 3948 1568 4025 sit
1584 3944 1769 4045 traditio)
1787 3970 1913 4053 pauca
1930 3944 1995 4024 di-

632 4074 756 4151 cenda
765 4076 1051 4172 veniunt‚cum
1070 4071 1211 4151 eadem
1225 4073 1278 4149 sit
1289 4068 1410 4150 hodie
1424 4069 1653 4150 traditionis
1666 4067 1860 4148 naturalis
1871 4067 1995 4174 signi·
2072 4147 2074 4150 ,
2100 4157 2103 4161 ,

631 4190 783 4287 ficatio,
812 4224 902 4305 quaa
935 4196 986 4277 de
1021 4189 1110 4303 jure
1150 4193 1346 4288 Romano.
1376 4191 1458 4271 Sed
1488 4194 1583 4305 qnia
1613 4191 1738 4272 hodie
1774 4190 1993 4271 traditione

631 4314 892 4425 possessionis
921 4318 1127 4397 translatio
1158 4316 1413 4424 potissimum
1439 4332 1560 4425 atque
1592 4314 1675 4394 fere
1703 4316 1823 4393 unice
1850 4316 1921 4418 (ut
1944 4338 1992 4390 ex

632 4430 891 4549 sequentibus
914 4424 1086 4551 patebit)
1109 4457 1316 4545 operetur,
1342 4464 1432 4517 eam
1459 4436 1598 4519 Codex
1620 4438 1664 4517 in
1692 4465 1813 4518 sensu
1832 4436 1989 4517 restric-
