4509 5875
713 688 1172 769 INAUGURATIONIS.
1474 702 1478 710 '
1613 682 1657 755 25

191 892 193 899 ’
342 872 394 969 7.)
428 868 596 965 Denique
618 864 765 939 decreto
791 868 929 941 summi
962 865 1094 937 harum
1131 884 1257 937 rerum
1284 856 1528 933 moderatoris
1549 856 1662 953 (dato

296 982 338 1059 15
361 980 575 1077 sutram)
599 984 636 1049 in
663 977 747 1049 Ord.
776 978 931 1062 Philon,
951 992 1017 1047 etc.

346 1199 523 1264 Josrrnna
540 1190 761 1273 JACOEOT,
788 1185 1095 1271 Diviodunenais,
1124 1183 1257 1255 Philus.
1283 1183 1413 1255 scient.
1437 1182 1608 1286 matham.
1627 1196 1665 1253 et

291 1304 396 1401 phys.
425 1317 536 1401 atque
554 1308 629 1373 Jur.
653 1315 725 1375 utr.
750 1305 816 1385 Dr,
840 1304 878 1373 in
903 1299 1029 1372 eidem
1066 1300 1211 1369 civitate
1238 1296 1372 1369 schola
1399 1295 1661 1391 polytechnieao

290 1416 479 1513 quondam
501 1414 717 1503 subrectcr,
744 1416 946 1489 Literarum
970 1413 1084 1509 antiq.
1113 1413 1245 1483 scient.
1266 1408 1440 1479 mathena.
1466 1409 1660 1505 iurisque,

290 1543 498 1626 temporum
529 1552 720 1613 successu,
741 1522 945 1625 Professor,
964 1524 1073 1597 Acad.
1097 1526 1312 1597 scientam
1333 1535 1369 1593 et
1388 1519 1522 1593 literar.
1535 1521 1661 1591 Divio-

293 1641 470 1715 dunensie
488 1644 629 1730 socium
649 1641 748 1741 apud
772 1666 841 1717 noa
869 1641 1059 1715 literarum
1084 1637 1305 1711 Gallicarum
1328 1639 1460 1707 Lector
1483 1633 1664 1707 academi-

290 1778 375 1843 cus,
403 1771 511 1829 uatus
540 1755 641 1852 1764.

822 1978 1143 1999 *ιι-ι-ι-ι-

294 2222 298 2229 Ι
338 2130 396 2213 8.)
418 2137 569 2224 Quum,
588 2129 692 2230 quod
710 2156 788 2205 non
803 2133 876 2205 nisi
891 2132 1135 2229 Lugdunensi
1148 2156 1190 2205 ac
1207 2148 1340 2205 nostrae
1358 2132 1558 2205 Academiae
1575 2154 1661 2204 con·

291 2247 420 2342 tingit,
434 2252 688 2320 Nosocomium
710 2247 865 2319 mititare
877 2252 1014 2343 regium
1031 2269 1129 2318 nexu
1143 2245 1306 2345 quodam
1321 2246 1527 2343 ampliandi
1544 2246 1661 2319 studii

288 2382 330 2431 ac
358 2360 589 2457 experientiae
610 2358 801 2433 Medicina
822 2360 1074 2433 studiosorum
1101 2364 1216 2459 gratia
1234 2363 1466 2432 contineatur
1485 2384 1569 2431 cum
1583 2364 1658 2431 Νο-
1793 2375 1796 2385 ·

287 2480 447 2545 socomio
471 2479 623 2562 ca'aium,
642 2473 801 2570 ideoque
834 2498 910 2545 non
941 2475 1064 2544 minus
1092 2498 1179 2543 cum
1205 2471 1405 2545 Academiae
1435 2486 1567 2545 nostrm
1590 2478 1656 2545 Or·

179 2580 181 2585 ’
290 2581 377 2654 dine
402 2584 568 2669 Medieo;
600 2588 860 2680 augustissimo
891 2586 982 2676 Regi
1004 2606 1074 2677 pro
1103 2607 1170 2653 sua
1200 2585 1262 2655 illa
1296 2587 1471 2681 sapientia
1496 2586 1654 2681 placuit,

288 2710 331 2767 ut
352 2698 474 2770 virum
511 2696 866 2795 experientissimum
884 2746 893 2781 ,
908 2700 1079 2766 Jorrmmr
1102 2700 1415 2786 ZINKGRAEFF,
1444 2698 1656 2771 Heidelber-

290 2831 462 2905 gensem,
491 2806 587 2880 Med.
617 2821 653 2878 et
674 2807 873 2903 Chirurgiae
895 2810 1118 2891 Ductorem,
1143 2806 1274 2879 ordine
1302 2810 1470 2906 equitum
1486 2814 1657 2907 Legionis

289 2920 470 3018 Aquilinae
492 2910 637 2993 Gallicae
662 2920 865 3016 insignem,
891 2919 930 2990 in
957 2917 1024 2992 illo
1050 2920 1265 2993 nosocomio
1297 2945 1484 2996 summum
1513 2926 1567 2998 rei
1587 2930 1659 3001 Me·

253 3024 256 3030 ’
289 3033 378 3106 dicre
401 3033 688 3123 moderatorem,
707 3048 744 3106 et
766 3035 917 3108 nomine
947 3047 983 3106 et
1006 3033 1184 3130 dignitate
1213 3034 1432 3112 Professoris
1457 3037 1658 3113 Academia

293 3147 480 3222 honorarii
496 3163 669 3224 mactaret
693 3147 755 3245 (¹7
782 3147 852 3220 tut
885 3149 986 3246 1817.
1010 3151 1050 3218 L.
1068 3151 1131 3234 lt,
1149 3165 1194 3219 n⁰
1218 3146 1296 3245 51.)

335 3555 395 3652 9.)
422 3559 515 3626 Item
529 3553 653 3628 edicto
669 3553 821 3652 publico
838 3578 859 3626 a
876 3559 974 3652 Rege
993 3560 1236 3631 constitutum
1256 3537 1329 3645 eat,
1350 3559 1412 3657 (23
1432 3567 1527 3658 Sept.
1551 3565 1658 3658 1817)

291 3682 333 3741 ut
357 3690 457 3741 anno
484 3669 607 3767 primo
637 3670 675 3740 in
704 3670 945 3748 Universitate
975 3685 1100 3742 nostra
1132 3695 1271 3745 munus
1295 3679 1450 3747 Itcctorai
1471 3678 1662 3772 Mngm'lici

288 3781 330 3851 in
351 3805 390 3855 se
413 3783 723 3880 reciperatam.
752 3786 986 3869 ΗΔΒΒΔΠΒ,
1003 3783 1099 3856 Med.
1125 3782 1220 3857 Prof.
1248 3784 1328 3858 ord.

341 4193 420 4288 ro.)
447 4188 597 4283 Quibus
625 4193 801 4269 omnibus
826 4219 869 4269 ac
891 4196 1047 4293 singulis
1076 4198 1147 4270 rite
1169 4199 1401 4299 constitutis,
1423 4215 1661 4299 posteaquam

292 4307 444 4380 etiamn
471 4305 626 4404 collegio
643 4312 866 4384 Cunctorum
894 4315 1047 4384 Senatus
1071 4315 1225 4384 Accensa·
1250 4312 1313 4408 (ar
1336 4317 1431 4412 Sept.
1462 4315 1660 4412 1817).no·

290 4419 420 4494 minati
439 4418 604 4512 fuerant3
622 4423 678 4493 vir
698 4424 1042 4512 excellentissimus,
1063 4429 1295 4498 REPELAER
1313 4432 1410 4502 vait
1424 4432 1581 4517 DRlEL,
1599 4432 1661 4502 cui

291 4533 347 4605 hae
372 4534 521 4608 literatae
550 4535 763 4636 reipublice
789 4553 912 4637 partes
938 4541 1141 4615 commissae
1173 4557 1300 4629 erant,
1326 4546 1518 4616 Curatores
1542 4542 1659 4616 literis

244 4758 246 4766 Α
394 4655 490 4722 Tam.
520 4655 549 4722 I.
1441 4663 1464 4742 l,
