4509 5875
627 636 647 681 o
1006 606 1175 677 cenom
1198 606 1394 677 EUGENII
1419 608 1589 679 IMBERT

695 788 938 894 Jubentur
960 806 1123 884 autem
1144 784 1353 887 studiosi
1360 791 1590 930 juvenes,
1621 788 1878 895 describere
1911 794 1995 897 ho·

627 984 732 1047 rum
744 944 1018 1083 Pagorum‚
1042 942 1112 1042 ita
1125 946 1393 1086 majorum,
1418 980 1568 1089 quom
1589 946 1854 1072 minorum,
1863 949 1998 1091 fines

627 1124 675 1205 et
692 1098 884 1223 limitem
907 1134 1141 1205 recensere
1152 1099 1377 1238 palatro,
1403 1100 1608 1243 oppido,
1625 1140 1758 1205 ornes
1771 1106 1997 1232 etoriurs,

627 1296 740 1405 quoe
760 1282 862 1383 tum
871 1256 1028 1387 fitero,
1047 1253 1351 1395 insigniores·
1366 1257 1616 1399 designare
1627 1264 1863 1365 montium
1881 1286 2001 1367 truc·

626 1442 724 1542 tus,
747 1449 1083 1560 equorumque
1106 1412 1330 1515 decursus
1340 1460 1360 1535 ‚·
1375 1412 1598 1517 exhibere
1617 1454 1781 1519 eorum
1798 1458 1897 1521 non
1913 1422 1997 1521 mi·

625 1570 717 1676 nus
737 1610 799 1674 oc
819 1576 1030 1673 locorum
1052 1572 1271 1671 omnium
1291 1594 1478 1673 uenusto
1499 1596 1549 1675 et
1564 1571 1778 1673 obsoleta
1797 1577 1999 1677 nomino

623 1770 735 1833 cum
756 1725 1089 1832 recemron'bus
1107 1750 1153 1827 et
1172 1723 1416 1831 hodiemis
1435 1753 1721 1869 comparato
1735 1776 1756 1851 ,·
1776 1730 1898 1833 doto
1923 1734 1999 1834 si-

626 1890 733 1991 mul
753 1884 924 1988 notitia
957 1884 1266 2029 ontt'quomm
1295 1911 1745 2012 monumentorum,
1777 1925 1891 2033 quae
1916 1915 2003 1991 out

628 2045 886 2148 hodienum
908 2041 1283 2181 conspiciuntur,
1309 2042 1768 2186 outquorumfocto
1786 2068 1855 2146 est
1867 2046 2008 2185 opud

622 2204 828 2305 diversos
871 2198 1022 2300 medii
1058 2200 1154 2300 aevi
1196 2201 1446 2340 scn'ptones
1484 2202 1677 2303 mentio.
1725 2202 1998 2303 Praesertim

622 2382 779 2503 gmtae
798 2380 935 2462 erunt
953 2354 1201 2496 desenptoe
1220 2380 1640 2461 monumentorum
1655 2358 1994 2498 inscriptiones,

622 2538 847 2619 nutante
869 2517 1035 2617 oeulos
1056 2514 1236 2653 positu
1260 2514 1621 2638 delinimento,
1649 2551 1760 2615 curn
1781 2515 1998 2615 animael-

627 2670 915 2775 oerstonibus
928 2668 1347 2810 histon‘coen'trois
1360 2672 1490 2774 orreo
1500 2672 1751 2812 origenem,
1770 2694 1995 2773 noturom

626 2854 675 2933 et
692 2865 898 2954 cousus,
927 2828 1187 2970 quoesorte
1209 2831 1424 2970 ipsorum
1445 2829 1801 2930 condendorum
1823 2812 2000 2929 onsom

628 2987 924 3098 Κασπίη...

698 3341 815 3447 quae
833 3305 1055 3448 praemio
1082 3326 1272 3406 ornata
1299 3323 1404 3428 est,
1438 3297 1539 3404 hoc
1562 3285 1822 3442 inscripta
1851 3295 1995 3404 lem-—

627 3483 771 3562 mate
796 3504 806 3558 ε

812 3777 1011 3846 ΟΙΚΟΘΕΝ
1038 3775 1222 3845 ΜΑΤΕΥΕ.

1086 4077 1254 4157 hunnus,
1266 4076 1351 4140 Nem.
1360 4077 1418 4136 111.
1432 4077 1481 4138 53.
