4509 5875
608 661 652 735 52
1097 670 1157 737 Fa.
1176 671 1206 738 J.
1222 669 1472 742 DUMBECK

607 825 711 909 tium
725 868 776 887 --
794 854 868 935 per
885 822 1197 936 Chronologiam
1214 842 1255 911 et
1272 832 1596 941 cometem,
1623 858 1708 913 non
1728 858 1986 921 commanem

610 949 681 1031 sed
701 951 951 1030 erectiorem.
980 950 1210 1061 Utmmqne
1228 956 1387 1063 antiqui
1399 953 1834 1063 philosophematibus,
1855 980 1987 1071 quma

525 1150 528 1155 .
607 1090 719 1181 patre
737 1070 788 1153 ad
801 1088 919 1153 natos
938 1071 1087 1156 tradita
1106 1072 1289 1181 fuerant,
1302 1092 1355 1157 ot
1371 1092 1608 1186 potuerunt
1621 1083 1986 1194 consequebantur.

658 1331 706 1409 ln
724 1318 815 1433 ilia,
841 1362 931 1443 quae
948 1362 1021 1417 seu
1041 1333 1170 1435 realis,
1191 1359 1265 1415 seu
1282 1332 1437 1437 idselir,
1459 1331 1586 1445 idque
1600 1334 1720 1415 simul
1735 1350 1777 1416 et
1795 1332 1881 1413 ont
1901 1350 1987 1435 ost,

606 1468 649 1532 et
685 1455 912 1537 concordiae
950 1473 1106 1539 aeternae
1135 1456 1302 1536 'vinculo
1338 1457 1572 1566 conjuncta,
1602 1460 1883 1565 Quantttctem
1916 1483 1981 1538 re·

605 1576 698 1654 ium
725 1578 809 1656 sive
839 1580 1089 1658 Gravitatem
1107 1579 1294 1659 omnium
1316 1626 1371 1641 -
1387 1606 1514 1689 quam
1526 1582 1571 1659 in
1593 1580 1793 1687 Physica,
1809 1596 1851 1659 ct
1867 1580 1984 1685 Qua·

605 1695 759 1782 litatem
789 1698 873 1780 sive
906 1702 1061 1781 Lumen
1096 1699 1198 1782 iliud
1236 1700 1442 1782 vivificans
1470 1701 1712 1781 habebimus
1727 1748 1781 1762 —-
1799 1698 1914 1810 q'uod
1944 1701 1989 1777 in

606 1816 779 1923 Chymio
806 1836 1032 1903 tractamus.
1062 1824 1292 1935 Utrumque
1322 1822 1401 1904 sibi
1429 1822 1618 1931 junctum
1650 1822 1801 1933 (idque
1829 1826 1882 1899 in'
1905 1824 1990 1929 ipsa

608 1954 751 2019 natura
774 1968 859 2021 non
888 1944 1003 2025 aliter
1029 1944 1116 2027 fieri
1136 1948 1285 2054 potest)
1310 1948 1597 2052 Orgamimum
1627 1971 1766 2025 rerum
1805 1942 1988 2049 conficit,

608 2064 681 2171 qui
718 2061 999 2174 Organologia
1041 2069 1275 2175 explicatur
1297 2085 1339 2148 et
1368 2066 1482 2176 cuius
1520 2066 1683 2147 culmen
1709 2063 1776 2145 itta
1805 2068 1891 2175 ipsa
1926 2082 1988 2149 est

610 2184 814 2290 Geologia.
840 2186 933 2267 Haec
950 2216 1025 2297 per
1054 2208 1188 2300 partes
1213 2189 1485 2288 considerata,
1512 2190 1645 2269 varias
1669 2186 1901 2297 disciplinas
1925 2188 1986 2268 cf-

607 2303 686 2396 iert
707 2334 717 2404 ;
739 2334 795 2385 eae
812 2310 923 2389 enim
953 2338 1075 2419 opera
1092 2341 1168 2391 suo
1185 2314 1396 2393 continent
1413 2314 1497 2393 sive
1518 2340 1600 2415 res,
1633 2340 1724 2423 quae
1751 2313 1983 2419 organismo
2029 2394 2038 2414 ,

609 2420 742 2508 carere
770 2428 960 2511 videntur
979 2480 1031 2495 -
1052 2435 1096 2512 i'n
1112 2436 1384 2540 Mmemlogia
1398 2452 1441 2515 et
1463 2438 1710 2541 Geognosia,
1734 2436 1818 2517 sive
1837 2462 1924 2537 eas,
1943 2437 1987 2515 in

612 2550 763 2660 quibus
780 2554 862 2632 vita
881 2580 1055 2661 praesens
1068 2573 1110 2635 et
1131 2553 1270 2634 efficax
1287 2556 1600 2662 conspicitur-
1618 2556 1662 2633 in
1684 2554 1925 2663 Ph'ytotogia
1947 2570 1990 2641 et

608 2672 809 2780 Zoologio
831 2674 1030 2755 eruendas
1059 2707 1068 2753 :
1096 2676 1266 2755 ulterior
1280 2679 1323 2755 in
1342 2704 1502 2755 summo
1528 2676 1657 2782 gradu
1675 2694 1846 2772 versata,
1874 2678 1987 2783 Pty-

608 2796 819 2900 szblogiam
842 2813 1018 2892 naturae,
1046 2798 1269 2899 praesertim
1291 2796 1495 2891 humanm,
1519 2798 1764 2880 ostendit-
1783 2828 1874 2907 quae
1893 2798 1985 2882 fun·

612 2914 847 3000 dementum
873 2929 934 3000 est
953 2910 1175 3000 Medieirtae.

666 3165 716 3248 In
750 3165 939 3250 historica
975 3188 1088 3279 parte
1130 3170 1395 3280 Physiologite
1430 3175 1691 3281 oppositam,
1733 3199 1819 3252 non
1849 3187 1984 3252 tamen

609 3295 872 3397 contrariam,
890 3291 1148 3377 obiendimus
1168 3292 1397 3400 scientiam,
1412 3321 1504 3404 quae
1520 3296 1758 3376 interiorem
1775 3293 1984 3375 hominem

609 3417 745 3500 melio
773 3445 858 3498 suo
876 3415 1045 3526 adsequi
1064 3433 1236 3498 conatur
1261 3463 1318 3480 --
1342 3412 1662 3525 Psyehologiam.
1684 3419 1778 3498 Haec
1799 3443 1874 3525 per
1894 3443 1986 3525 par-

606 3557 667 3622 tes
699 3540 874 3646 cogitata
903 3538 1134 3650 gradusque
1164 3540 1298 3619 varios
1323 3540 1408 3620 sive
1434 3541 1663 3619 sentientem
1691 3539 1903 3636 hominem
1932 3577 1987 3600 ··-

605 3665 650 3743 in
688 3663 957 3770 Psyelmlogia
988 3661 1268 3769 (angustiori);
1306 3663 1390 3743 sive
1428 3661 1682 3770 adpeoeatem
1715 3662 1761 3740 in
1795 3658 1983 3754 Eitea,-

606 3786 691 3872 sire
720 3787 964 3891 cogitantem
990 3786 1035 3864 in
1061 3787 1213 3894 Logica
1251 3786 1438 3867 ostendit.
1474 3784 1712 3892 conjuncte
1750 3808 1913 3887 omnes,
1948 3783 1982 3862 si

605 3909 760 4015 apicem
790 3908 991 4014 attingunt
1017 3908 1436 4017 ‚.Anthmpologiom
1470 3906 1689 4016 praebent:
1718 3906 1823 3986 hanc
1865 3907 1983 3986 certis

608 4029 782 4136 regulis,
801 4031 1055 4138 experientia
1075 4032 1251 4133 innixis,
1267 4029 1444 4142 ideoque
1465 4029 1651 4111 bumcoae
1680 4046 1833 4111 nature
1858 4027 1981 4136 adop-

607 4153 675 4254 tio,
694 4154 737 4232 in
769 4153 1042 4263 Poedagogrba
1067 4153 1296 4264 explicabis.
1351 4155 1399 4234 In
1421 4181 1534 4265 qua,
1561 4155 1596 4234 si
1618 4152 1826 4232 bominem
1847 4166 1982 4229 totum

591 4273 681 4384 ‘per
721 4293 852 4384 partes
888 4277 1221 4360 meditationibus
1251 4275 1508 4386 subjicimus,
1549 4292 1612 4354 tot
1662 4273 1859 4354 habemus
1900 4269 1981 4351 dis·

606 4399 798 4507 cipiinas‚
819 4417 922 4512 quot
948 4402 1066 4481 variae
1092 4403 1136 4481 in
1164 4428 1249 4482 uno
1273 4401 1440 4482 homine
1474 4399 1610 4497 vires,
1639 4394 1876 4496 facultates,
1896 4409 1982 4472 stn-

534 4599 541 4621 ,
568 4511 578 4520 ’
604 4521 675 4604 dia
703 4553 713 4604 :
741 4553 830 4636 qoae
860 4524 1071 4632 conjunta
1097 4525 1366 4608 diversitatem
1395 4521 1554 4630 generis
1578 4517 1773 4623 humani,
1798 4533 1981 4624 tempore
