4509 5875
530 679 535 687 ·
643 653 890 726 assrousm
913 651 977 722 sn
999 639 1163 738 Qumu
1187 647 1324 733 tumn
1616 637 1674 738 59·

293 855 384 942 tivo
397 845 566 946 delinit,
595 848 709 956 quod
727 850 780 926 sit
799 849 859 928 rei
884 848 928 928 in
945 846 1108 942 alterius
1125 860 1363 954 potestatem
1383 867 1428 922 ac
1445 842 1661 948 possessio-

294 999 390 1064 nem
422 968 645 1064 translatio,
658 983 732 1046 art.
766 967 876 1064 1604.
908 968 1107 1046 Caeterum
1136 984 1177 1044 et
1204 964 1446 1070 symbolicas
1477 961 1659 1068 traditio·

291 1119 367 1184 nes
383 1109 454 1174 art
480 1089 577 1172 1605
597 1104 639 1166 et
663 1086 784 1190 1606,
802 1093 828 1184 §
845 1115 891 1188 a,
912 1103 952 1164 et
969 1083 1204 1164 traditiones
1225 1086 1334 1169 fictas
1354 1101 1425 1167 art
1446 1083 1561 1185 1606,
1578 1089 1603 1186 §
1619 1084 1661 1186 3,

295 1233 334 1294 et
347 1207 717 1324 quasi-traditiones
730 1231 896 1317 quoque
912 1223 983 1286 art
1005 1205 1102 1313 1607
1119 1204 1257 1286 Codex
1276 1206 1454 1286 Gallicus
1472 1207 1659 1313 agnoscit

341 1467 410 1554 'Ad
437 1471 702 1586 quaestionem
731 1467 946 1552 secundam
970 1495 1046 1574 pro
1071 1482 1184 1574 parte
1209 1465 1296 1576 jami
1316 1489 1554 1574 responsum
1580 1483 1660 1565 est,

294 1623 389 1682 nam
412 1593 526 1704 quod
544 1594 596 1673 ad
613 1595 786 1702 primam
809 1590 929 1694 hujus
946 1592 1177 1698 quaestionis
1194 1606 1350 1697 partem
1372 1587 1546 1669 diximus
1558 1593 1661 1699 (quo

290 1722 381 1830 jure
406 1713 571 1797 traditio
593 1715 641 1794 ad
663 1713 892 1822 dominium
917 1708 1241 1791 transferendum
1260 1711 1530 1820 requiratur),
1550 1710 1661 1790 idom
1748 1812 1751 1819 ¹

293 1841 359 1921 hic
381 1836 601 1919 dicendum
619 1836 749 1933 venit;
773 1832 874 1946 quid
893 1851 1027 1915 autem
1049 1831 1102 1911 ad
1122 1833 1239 1911 aliam
1258 1832 1343 1942 ejus
1367 1849 1522 1940 partem
1551 1847 1593 1913 et
1607 1831 1661 1913 ad

293 1963 558 2074 quaestionem
577 1957 764 2040 ultimam
785 1955 1114 2066 respondendum
1142 1957 1209 2051 sit,
1229 1955 1468 2034 ridebimus.

221 2199 236 2214 ⁸
335 2207 546 2284 immenso
577 2205 774 2312 temporis
808 2203 938 2311 spatio
969 2199 1194 2302 mediante,
1216 2199 1298 2307 jam
1324 2198 1420 2279 inde
1450 2228 1473 2279 a
1503 2179 1659 2279 confec·

291 2327 403 2405 tione
425 2327 607 2430 corporis
622 2327 723 2425 juris
741 2325 869 2396 civilis
885 2326 1177 2420 Romanorum,
1195 2320 1379 2430 quaedam
1391 2322 1575 2417 homines
1591 2347 1661 2399 ex-

181 2458 184 2471 ‘
291 2446 492 2554 parientia
521 2437 760 2552 quotidiana
797 2438 956 2541 docuit,
989 2465 1165 2548 quorum
1195 2441 1381 2519 notitiam
1413 2443 1567 2521 nullam
1593 2460 1662 2523 aut

290 2566 432 2644 saltem
456 2589 666 2643 erroneam
689 2563 855 2643 Veteres
871 2559 1096 2658 habebant,
1117 2559 1302 2670 quaedam
1327 2563 1568 2667 urgentibus
1589 2591 1661 2643 ne·

290 2683 542 2766 cessitatibus
573 2702 615 2764 et
647 2684 814 2793 jubente
842 2711 988 2763 rerum
1024 2680 1168 2760 ordine
1206 2697 1364 2789 recepta
1406 2697 1529 2781 suut,
1571 2712 1661 2794 quae

291 2810 455 2888 remotis
486 2809 574 2888 istis
600 2803 853 2913 temporibus
881 2806 1022 2910 ignota
1050 2802 1243 2900 laterent,
1273 2801 1467 2910 quaedam‘
1490 2803 1663 2908 abolita,
1767 2794 1770 2803 ’

292 2956 382 3039 quae
410 2930 511 3011 olim
527 2956 602 3037 per
629 2944 757 3008 totam
780 2928 985 3035 Europam
1010 2952 1155 3033 sparsa.
1173 2924 1365 3031 vigerent.
1381 2925 1543 3007 Scilicet
1562 2927 1660 3007 sub-

291 3052 421 3127 latum
448 3068 653 3148 astatque
684 3048 864 3126 deletum
889 3043 1093 3149 quidquid
1119 3045 1334 3124 hominum
1362 3050 1566 3153 imperitia
1592 3066 1663 3129 aut

296 3164 510 3249 crudelitas
540 3164 584 3241 in
621 3160 753 3240 lucem
782 3156 930 3262 edidit,
965 3158 1132 3241 humaui
1165 3170 1323 3265 genem
1358 3167 1663 3274 opprobrium,
1763 3164 1767 3171 “

293 3288 536 3401 prodierunt
560 3314 651 3396 quac
670 3282 886 3364 sublimem
907 3282 1119 3363 hominum
1145 3298 1331 3363 naturam
1350 3288 1475 3391 magis
1499 3286 1662 3395 decent,

293 3414 393 3521 recti
415 3438 529 3507 cura,
548 3406 744 3488 libertatis
770 3432 900 3511 amor,
919 3424 1006 3487 tum
1029 3406 1149 3486 etiam
1168 3434 1369 3488 recessum
1389 3426 1451 3487 est
1470 3437 1495 3487 a
1514 3414 1660 3494 strictis

294 3530 502 3613 nonnullis
531 3531 681 3639 quibus
698 3530 867 3641 Antiqui
887 3532 1147 3638 pertinaciter
1164 3530 1422 3612 adhaerebant
1433 3533 1659 3640 principiis,

188 3750 202 3759 ¹
294 3673 341 3736 ut
358 3654 494 3735 omnia
513 3654 638 3759 magis
658 3652 709 3733 ad
728 3655 957 3764 aequitatem
973 3653 1198 3735 naturalem
1214 3654 1527 3734 reducerentur:
1546 3653 1658 3763 quod

295 3776 464 3857 feliciter
496 3774 647 3855 factum
681 3800 790 3875 esse,
821 3802 960 3856 ornnes
988 3779 1124 3884 paucis
1161 3779 1336 3885 exceptis
1362 3776 1555 3855 laetantur.
1585 3778 1659 3855 Ast

294 3928 387 3981 cum
414 3898 540 3979 nimid
558 3896 798 3979 emendandi
824 3899 919 3979 curd
941 3897 1074 3980 forsan
1095 3895 1326 3981 laborarent
1351 3898 1471 4006 hujus
1499 3900 1572 3977 aeri
1601 3898 1656 3978 le·

286 4021 758 4134 ·gis1at0res,atiquando
783 4040 981 4107 mutatum
998 4022 1076 4107 luit
1098 4030 1143 4105 in
1169 4023 1337 4123 malum,
1361 4020 1474 4133 quod
1498 4021 1657 4101 bonum

294 4162 398 4243 erat,
415 4146 630 4254 aliquando
657 4148 700 4227 in
720 4148 853 4260 pejus,
878 4150 991 4260 quod
1017 4150 1177 4231 malum.
1198 4147 1318 4229 Unde
1336 4145 1401 4256 jus
1420 4145 1550 4244 civile,
1571 4172 1654 4253 quo

294 4293 370 4347 nos
392 4267 522 4377 Belgae
543 4270 741 4376 regimur,
763 4274 834 4349 'aut
853 4272 921 4351 alii
940 4272 1083 4379 populi
1112 4286 1332 4378 reguntur,
1356 4284 1540 4367 auctam,
1565 4294 1654 4346 cor·

294 4408 469 4491 rectum,
485 4390 550 4487 rel
579 4393 699 4473 etiam
717 4410 953 4505 corruptum
976 4411 1044 4473 est
1084 4492 1087 4501 Ι

1278 4622 1444 4685 ι8.
