4509 5875
663 730 961 803 GEOGRAPEIA
982 728 1218 801 Ptoouunt.
1580 722 1626 809 45

264 912 391 1019 ipsius
422 906 599 989 fluminis
630 911 768 1013 sitam,
788 912 931 991 Wittoe
955 909 1106 991 urbem'
1127 904 1345 1010 credimus,
1364 904 1477 1017 quod
1496 903 1561 987 vel
1579 930 1631 985 ex

261 1034 354 1141 ipso
379 1030 564 1113 vocabuli
589 1049 727 1138 etymo
757 1050 942 1115 constare
964 1031 1157 1112 videtur:
1181 1029 1337 1136 Wyea
1361 1032 1471 1111 enim
1500 1029 1629 1109 letum

251 1156 414 1258 flumen
435 1157 460 1234 i.
491 1180 524 1234 e.
541 1155 730 1257 flumineis
756 1159 858 1233 ostia
885 1153 1082 1257 indigitat.

318 1348 454 1427 Tertia
480 1346 614 1425 insula
644 1347 830 1427 Fatum
855 1372 888 1424 s.
915 1345 1057 1425 Oovau
1078 1336 1264 1423 Fciam
1294 1360 1363 1423 eat.
1389 1344 1504 1423 Hanc
1529 1344 1632 1421 anti·

267 1468 406 1576 quitus
415 1467 534 1574 longe
543 1468 762 1570 minorem,
774 1466 994 1576 prasertim
1007 1491 1148 1544 versus
1164 1468 1501 1574 septentrionem,
1513 1463 1634 1545 fuisse

267 1618 318 1669 ex
335 1592 385 1669 iis
402 1588 541 1671 videre
555 1606 629 1694 est,
640 1616 731 1700 quae
746 1618 770 1669 a
793 1592 888 1668 Van
908 1590 1119 1669 Leuwenio
1131 1587 1345 1667 tradunmr
1364 1590 1437 1691 (r),
1456 1590 1529 1695 qui
1546 1612 1638 1665 eam

267 1711 400 1790 multo
429 1729 586 1789 auctam
622 1710 784 1817 adjectis
812 1734 887 1815 per
919 1733 1027 1785 mare
1055 1709 1174 1787 terris
1202 1706 1341 1810 rcicrt3
1378 1708 1442 1786 cui
1480 1708 1539 1786 rei
1570 1707 1634 1787 vel

268 1833 433 1913 Tacitus
463 1830 653 1934 adsentit,
682 1828 739 1909 de.
763 1832 961 1909 immensis
987 1830 1107 1909 Mosae
1126 1830 1237 1909 ostiis
1264 1830 1438 1934 locutam,
1466 1858 1555 1939 quae
1571 1832 1634 1909 in·
1665 1888 1671 1897 .

269 1955 356 2034 sula
377 1944 563 2035 'Flakkea
594 1981 703 2033 nunc
729 1980 872 2059 magna
906 1970 1095 2062 exparte
1123 1951 1386 2033 intercludit:
1416 1980 1635 2059 congruam

270 2079 390 2155 ctiam
412 2076 608 2157 habemus
627 2072 721 2156 cum
744 2075 805 2156 his
829 2077 956 2185 ipsam
976 2075 1116 2156 insulae
1135 2093 1339 2179 naturam,
1357 2076 1470 2187 quasi
1492 2074 1634 2155 sabulo

221 2252 225 2258 -
272 2198 390 2278 allato
409 2216 694 2305 exaggeratam.
716 2198 987 2307 Superest,ut
1004 2227 1053 2280 ex
1068 2217 1206 2307 etymo
1221 2216 1402 2309 petamus
1422 2225 1636 2306 argumen-

271 2338 388 2400 tum:
409 2322 551 2401 Flalcte
578 2321 728 2402 scilicet
754 2338 905 2402 terram
934 2321 1117 2431 planam,
1143 2324 1167 2403 i.
1198 2351 1232 2405 e.
1264 2322 1472 2431 planitiem
1497 2319 1634 2428 (facile

214 2560 218 2567 .
272 2442 588 2551 extendendam)
605 2442 809 2550 significat.

326 2636 484 2737 Quarta
513 2634 648 2714 circula
677 2636 868 2715 Duvunm
896 2661 927 2713 s.
953 2640 1215 2738 unwanus,
1232 2642 1343 2722 Mosa
1369 2635 1407 2713 fl.
1430 2660 1476 2715 ac
1504 2632 1635 2713 Scaldi

274 2759 471 2864 cingitur,
499 2756 551 2837 ab
580 2755 787 2837 occidente
816 2756 1071 2857 Scdpuwcnsi
1093 2758 1245 2855 vicina3
1278 2758 1420 2837 saeculo
1452 2758 1509 2836 XI
1543 2783 1636 2834 ean·

275 2879 370 2963 dem
393 2879 449 2961 ob
480 2908 664 2982 causam,
687 2908 733 2960 ac
763 2878 887 2960 altera
912 2880 1047 2962 minus
1075 2898 1237 2963 extensa
1271 2881 1362 2991 (a),
1394 2897 1514 2991 atque
1545 2895 1637 2959 ante

274 3007 298 3084 J
301 3005 521 3087 oannemll
533 3001 720 3078 Holland.
733 3003 847 3079 Com.
861 3004 929 3080 vix
939 3020 1036 3079 nota
1050 3002 1129 3106 (3);
1146 3031 1170 3080 a
1188 3003 1479 3083 Columbarum
1490 3000 1639 3108 (Dayl)

276 3125 393 3232 copia
417 3121 638 3223 nominata,
665 3117 891 3230 siquidem
924 3120 1208 3204 Guiociordino
1231 3120 1330 3204 fides
1357 3125 1423 3230 (Δ).

329 3316 510 3395 Insulam
533 3316 733 3426 quintam,
761 3313 945 3419 Troica,
966 3317 1121 3420 Tuom,
1138 3317 1350 3398 Trarounn
1373 3313 1535 3414 dictam,
1561 3344 1640 3394 arc-

278 3438 450 3519 tioribus
483 3439 582 3517 olim
619 3437 816 3518 limitibus
849 3440 1192 3548 circumscriptam
1228 3441 1445 3522 credimus:
1473 3441 1638 3549 Oppido

280 3561 365 3669 ejus
382 3561 595 3670 primario,
613 3560 707 3640 licet
722 3557 892 3667 exiguo,
916 3563 1028 3674 quod
1047 3564 1186 3644 insulae
1206 3593 1355 3645 nomen
1385 3567 1550 3666 retinet,
1571 3593 1638 3644 ve-

278 3701 428 3766 tustam
467 3684 666 3790 originem
690 3686 899 3792 Attingam
929 3688 985 3796 (5)
1016 3713 1101 3766 non
1131 3686 1323 3794 abnegata
1348 3689 1414 3767 cui
1441 3714 1591 3768 nomen
1618 3715 1640 3766 a

281 3807 453 3904 telonio,
477 3804 592 3916 quod
619 3806 679 3885 ibi
706 3805 945 3889 solvendum
971 3810 1098 3914 venit,
1118 3809 1279 3894 videtur
1303 3809 1488 3892 inditum.

325 4003 374 4092 (ι)
396 4005 536 4070 Batava
554 4003 713 4070 illustrata
728 4052 737 4082 ,
751 4027 783 4094 p.
802 4009 874 4093 147.

327 4124 375 4212 (a)
396 4127 463 4190 Das
485 4128 616 4192 Rocuas
648 4126 745 4195 Me'm.
769 4127 930 4194 couronne'
954 4113 994 4196 en
1028 4152 1127 4220 1770,
1154 4151 1187 4220 p.
1210 4131 1320 4200 61.-
1335 4129 1638 4222 Tegenwoordigen

285 4261 365 4312 mat
385 4267 447 4311 ran
459 4246 617 4324 Zeeland,
632 4246 668 4312 P.
685 4249 728 4328 ll,
738 4272 771 4337 p.
780 4252 856 4329 445.

328 4350 377 4440 (3)
398 4352 524 4416 nme
538 4351 655 4416 Muto
672 4352 775 4418 Notit.
792 4353 940 4424 Geman.
955 4357 1058 4444 inser,
1072 4357 1107 4422 Ρ.
1124 4359 1174 4440 11,
1191 4378 1223 4445 p.
1238 4359 1290 4442 47.

329 4475 379 4560 (4)
402 4473 553 4561 Descnpt.
566 4473 608 4537 dc
619 4473 655 4537 Ia
665 4473 753 4561 Belg.
766 4497 797 4564 p.
813 4474 888 4540 311.

330 4596 378 4685 (5)
398 4597 501 4664 Noxia
517 4595 619 4663 Genu.
633 4597 695 4684 rifi
703 4598 744 4697 ll.
759 4602 811 4686 47.
