4509 5875
668 679 716 756 ds
907 681 1154 754 GUlLlELMl
1179 680 1278 754 CAR.
1304 680 1422 754 vles.
1445 679 1544 755 VAN
1556 681 1653 752 DEN
1678 680 1798 752 1)th
1929 723 1933 731 ·

664 888 852 996 quamvis
862 883 1041 962 haeredes
1050 885 1220 990 legitimi
1235 887 1424 988 nonsint,
1433 890 1599 990 (nempe
1608 881 1786 961 liberum
1799 885 2034 983 naturalem,

664 1007 879 1115 conjugem
908 1022 978 1084 aut
1004 1004 1168 1109 fiscum)
1189 1005 1314 1085 crude
1342 1007 1639 1102 tramittunt,
1670 1006 1855 1113 quamvis
1884 1004 1926 1083 hi
1949 1009 2034 1112 ipso

661 1126 751 1233 jure
772 1153 857 1206 non
887 1125 1063 1228 habeant
1085 1124 1199 1233 quod
1226 1126 1492 1230 voce-gallica
1522 1129 1667 1205 sauine
1694 1124 1951 1230 designatum
1979 1129 2037 1206 uti

663 1247 860 1356 probatur
893 1265 965 1328 art.
997 1245 1092 1354 723,
1109 1248 1151 1326 vi
1177 1243 1291 1355 cujus
1312 1246 1518 1328 bonorum
1540 1244 1771 1326 dominium
1798 1233 2037 1326 transfertur

663 1395 688 1446 a
716 1387 923 1449 momento
945 1367 1084 1448 delatae
1107 1371 1369 1449 successionis
1396 1369 1518 1447 etiam
1538 1369 1583 1446 in
1601 1366 1754 1448 liberos
1771 1365 2040 1474 naturales&

661 1485 798 1570 defaut
826 1489 1050 1570 d’hdritiers
1071 1488 1291 1594 legitime,
1309 1489 1369 1568 les
1391 1488 1509 1568 biens
1518 1505 1686 1593 passent
1704 1515 1783 1566 aux
1801 1487 1942 1568 enfans
1961 1515 2036 1568 na·

659 1609 786 1692 turels
807 1625 881 1689 etc.
891 1611 923 1714 );
943 1612 1004 1692 uti
1022 1609 1222 1716 probatur
1241 1625 1314 1686 art
1334 1609 1411 1715 767
1433 1627 1475 1686 et
1494 1607 1592 1746 768,
1608 1635 1789 1714 quorum
1804 1589 2040 1714 dispositio·

661 1729 783 1812 nibus
808 1729 987 1812 defuncti
1009 1730 1119 1812 bona
1143 1727 1323 1810 defuncti
1347 1729 1526 1837 conjugi,
1547 1744 1616 1808 aut
1634 1725 1846 1808 deficiente
1870 1728 2040 1836 conjuge

661 1849 757 1933 fisco
780 1853 1054 1961 ‚acquiruntur
1085 1850 1168 1956 (les
1193 1849 1311 1930 biens
1341 1849 1392 1930 de
1420 1851 1456 1931 la
1482 1849 1711 1932 succession
1730 1853 2043 1958 appamiensem

661 1998 719 2048 αιι
738 1973 916 2078 consciret
932 2000 1012 2050 non
1033 1969 1201 2071 divorcd,
1226 1989 1298 2052 art
1320 1971 1421 2082 767,
1446 1972 1471 2050 a
1498 1970 1634 2052 de'faut
1663 1971 1715 2050 de
1743 1971 1927 2079 conjoint
1949 1998 2040 2049 sur·

658 2095 816 2191 vivant,
831 2091 872 2174 la
889 2096 1116 2176 suecession
1131 2110 1189 2174 est
1201 2099 1364 2202 acqm'se
1381 2093 1404 2174 *a
1423 2093 1546 2198 fetat,
1560 2112 1633 2175 art.
1654 2092 1757 2204 768)
1769 2121 1780 2191 ;
1794 2095 1855 2172 uti
1872 2089 2041 2173 demum

661 2213 859 2316 probatur
884 2232 955 2296 art.
978 2217 1077 2323 724,
1106 2241 1185 2322 770
1206 2231 1247 2294 et
1264 2216 1364 2322 773,
1387 2218 1541 2324 quibus
1556 2217 1638 2295 hoc
1656 2215 1789 2294 solum
1806 2215 1901 2294 filiis
1919 2231 2040 2294 natu·

663 2329 833 2432 ratibus,
858 2333 1023 2434 conjugi
1048 2334 1228 2408 defuncti
1260 2347 1330 2405 aut
1358 2335 1454 2406 fisco
1471 2335 1708 2435 ‚injunctum
1730 2351 1811 2433 est,
1833 2353 1882 2412 ut
1908 2335 2039 2414 bono·

664 2475 758 2528 rum
776 2449 1077 2557 possessionem
1086 2448 1324 2556 impetrent,
1340 2474 1390 2527 ex
1407 2447 1559 2562 quibus
1572 2449 1747 2556 proinde
1766 2469 1892 2558 patet,
1908 2454 2040 2535 bono-

663 2597 757 2648 rum
783 2571 1012 2650 dominium
1034 2567 1127 2651 filiis
1151 2565 1425 2669 neutralibus,
1449 2568 1610 2681 conjugi
1631 2590 1701 2654 aut
1725 2573 1821 2654 fisco
1837 2575 1919 2683 jam
1940 2577 2039 2656 inde

664 2693 905 2804 acquisitum
927 2719 1035 2810 esse3

969 2839 978 2874 l

716 2918 888 3001 Obstant
918 2938 1052 3002 tamen
1079 2921 1321 3063 interpretes
1350 2921 1535 3004 nonnulli
1562 2921 1645 3031 (ι),
1669 2928 1913 3007 sustinentes
1934 2953 2037 3006 voce

663 3038 737 3120 hac
755 3046 899 3121 saisine
919 3070 1003 3123 non
1023 3044 1287 3153 possessionis
1307 3062 1466 3119 tautum
1479 3046 1692 3121 maionem
1708 3016 1781 3121 sed
1802 3064 1844 3121 et
1864 3048 2036 3129 dondnii

617 3184 622 3195 ·
663 3160 992 3240 translationem
981 3162 1214 3301 importari;
1231 3160 1343 3241 uude
1361 3176 1526 3269 negant,
1545 3161 1684 3242 liberis
1697 3149 1949 3247 naturalibus
1967 3185 2037 3249 aut

665 3279 843 3397 conjugi
855 3284 1060 3423 superstiti
1078 3301 1149 3363 aut
1169 3282 1265 3364 fisco
1289 3284 1496 3365 bonorum
1523 3286 1785 3365 successionis
1804 3270 2036 3369 dominium

666 3405 909 3544 acquisitum
925 3432 1009 3484 esse
1032 3407 1122 3514 ipso
1147 3407 1258 3515 jure
1277 3424 1318 3486 et
1322 3409 1512 3517 acquiri
1537 3424 1694 3487 tantum
1717 3410 1918 3490 mediante
1939 3438 2033 3517 pos-

664 3526 852 3609 sessionis
870 3524 1065 3607 dationes
1080 3526 1217 3637 judice
1237 3528 1510 3646 impetrandi,
1522 3528 1724 3609 allirmam
1732 3529 1953 3641 ,ideoque‚
1962 3560 2032 3611 an-

663 3666 828 3759 tequam
846 3651 1141 3791 possessionem
1160 3653 1268 3733 nacti
1294 3655 1397 3751 sint,
1421 3650 1613 3734 nullum
1599 3679 1663 3759 Jus
1692 3680 1717 3731 a
1743 3652 1883 3751 liberis
1909 3670 2030 3733 natu-

662 3770 815 3849 ralibus
842 3787 912 3850 aut
941 3773 1111 3881 conjuge
1135 3776 1350 3855 transmitti
1370 3802 1505 3883 posse,
1526 3778 1676 3930 quippe
1698 3775 1848 3884 quibus
1869 3775 2030 3856 nullum

661 3883 725 3991 jus
745 3892 961 3993 quaesitum
985 3912 1054 3974 est.

714 4108 788 4188 Ast
814 4064 1053 4195 sententiam
1081 4142 1196 4199 suam
1225 4120 1338 4200 nullo
1365 4085 1604 4229 argumento
1636 4124 1898 4223 confirmant,
1928 4128 2026 4234 quin

661 4230 745 4307 imo
769 4233 819 4313 ex'
846 4236 1004 4317 ratione
1029 4238 1114 4380 ipsd
1140 4266 1264 4349 quam
1294 4241 1489 4345 afferunt,
1517 4246 1796 4332 demonstrare
1824 4248 1938 4329 facile
1959 4274 2025 4327 eo·

706 4473 757 4564 (ι)
777 4476 816 4545 V.
832 4477 880 4545 les
898 4482 1112 4591 Auteursdes
1124 4486 1305 4556 Pandentes
1320 4488 1438 4579 franp,
1451 4511 1508 4559 sur
1520 4493 1547 4560 l’
1546 4508 1605 4599 art
1621 4494 1696 4580 723.
