4509 5875
603 677 850 755 nassonem
874 677 938 744 an
962 675 1132 766 Qunsr.
1157 675 1296 765 suurn.

268 872 389 956 quam
419 849 452 926 si
485 846 648 928 traditio
684 848 883 956 uatumlis
919 850 977 926 rel
1000 850 1207 958 praestatio
1243 846 1418 954 (caeteris
1449 845 1633 948 omissis.)
1690 915 1695 928 .

267 962 513 1078 simpliciter¹
529 968 693 1050 definita
716 969 865 1050 luisset
897 968 978 1050 Sed
1007 972 1188 1078 quamvis
1215 971 1276 1048 rei
1299 971 1499 1076 praestatio
1526 969 1643 1061 huncf

266 1089 409 1168 habeat
426 1088 648 1170 naturalem
664 1086 883 1190 ellectum,
913 1106 959 1168 ut
977 1109 1044 1168 res
1067 1091 1243 1196 praestita
1269 1088 1432 1170 alterius
1450 1091 1635 1198 potestati
1696 1071 1721 1186 ’-

264 1207 523 1318 subjiciatur,
547 1211 730 1322 quamvis
755 1208 927 1319 proinde
955 1211 1014 1287 rei
1032 1210 1235 1322 praestatio
1254 1209 1422 1315 intelligi
1441 1237 1525 1288 non
1543 1239 1637 1318 pos-

265 1333 336 1428 sit,
366 1333 469 1443 quin
490 1333 612 1414 etiam
636 1331 883 1440 intelligatur
913 1334 972 1412 rei
996 1333 1039 1411 in
1059 1331 1223 1413 alterius
1246 1345 1490 1441 potestatem·
1507 1347 1637 1410 trans-

266 1451 382 1552 latio;
410 1471 584 1537 attamen
615 1456 724 1537 hunc
747 1455 936 1536 eumdem
959 1453 1148 1536 ellectum
1172 1457 1217 1534 in
1236 1454 1475 1534 delinitione
1503 1453 1636 1534 deter-

202 1645 207 1656 .
268 1563 509 1683 minandum
547 1583 817 1675 sustinemus,
859 1596 949 1657 tum
995 1579 1091 1690 quia
1131 1605 1196 1656 res
1241 1577 1432 1688 quaelibet
1477 1576 1638 1658 definiri

267 1694 523 1800 potissimum
544 1693 690 1775 debeat
713 1699 765 1776 ab
785 1698 996 1780 ellectiltus
1018 1700 1103 1810 ejus
1124 1702 1380 1797 necessariis,
1407 1717 1454 1778 ut
1480 1699 1648 1777 distino'

266 1819 348 1896 tius
375 1843 422 1896 ea
452 1818 696 1928 explicetur,
725 1838 814 1899 tum
838 1839 960 1901 uteo
989 1811 1186 1926 facilius(
1193 1839 1239 1899 ut
1266 1819 1440 1901 diximus
1451 1822 1469 1924 )·
1488 1835 1620 1928 pateat
1629 1867 1643 1917 ,e

264 1938 523 2021 traditionem
552 1941 606 2021 ab
633 1969 718 2022 uno
746 1947 790 2022 in
818 1943 988 2024 alterum
1024 1959 1115 2024 actu
1147 1942 1335 2051 praesenti
1370 1967 1457 2054 rem
1486 1944 1641 2049 praesti-

267 2077 347 2140 tam
374 2057 666 2171 percipientem
689 2065 799 2170 fieri,
821 2084 909 2147 tum
935 2069 1056 2146 etiam
1085 2051 1181 2176 quia
1208 2067 1267 2144 roi
1298 2065 1523 2175 praestatio,
1548 2061 1643 2142 licet

267 2181 355 2262 lleri
372 2213 457 2264 non
475 2190 601 2290 possit
618 2205 664 2266 ut
687 2216 773 2269 rem
793 2175 957 2270 alterius
976 2189 1167 2292 potestati
1183 2212 1267 2263 non
1285 2181 1486 2289 subjiciat,
1504 2201 1645 2263 tamen

268 2305 368 2383 alios
388 2308 561 2416 insuper·
577 2299 746 2386 effectus
768 2306 983 2404 mediatos,
998 2322 1097 2414 puta
1127 2303 1299 2384 dominii
1317 2302 1646 2402 translationem,

269 2427 534 2534 possessionis
552 2424 776 2526 dationem,
798 2445 870 2508 etc.
898 2426 1110 2536 producat,
1137 2425 1330 2536 possibile
1354 2439 1424 2504 est.
1445 2428 1644 2527 Quicum

269 2549 496 2630 necessario·
512 2530 597 2628 non
611 2547 906 2658 producantur3
928 2551 1042 2629 illum
1055 2551 1126 2658 qui
1146 2545 1366 2628 necessario
1376 2531 1641 2659 producitur,

270 2673 533 2778 exprimimus
561 2689 603 2752 et
629 2670 938 2782 exprimendum
972 2701 1056 2752 esse
1085 2674 1339 2752 sustinemus.
1360 2669 1454 2750 lam
1474 2695 1573 2749 vero
1593 2697 1642 2749 ex

267 2796 404 2873 nostri
426 2793 661 2876 definitione
685 2813 813 2906 patet,
830 2797 936 2876 tradi
956 2823 1040 2874 non
1061 2820 1179 2902 posse
1198 2797 1277 2873 nisi
1295 2819 1359 2872 res
1376 2819 1468 2904 quae
1486 2801 1644 2872 natura«

267 2915 360 2995 liter
381 2917 494 2999 alteri
516 2919 568 3001 ab
598 2919 734 3003 altero
758 2922 952 3027 praestari.
968 2935 1162 3022 possunt,
1186 2919 1273 2995 sire
1300 2946 1365 2999 res
1393 2915 1622 3024 corporales
1629 2944 1661 3013 ς.

266 3064 352 3119 non
374 3054 471 3121 'vero
492 3042 784 3147 incorporales,
805 3054 947 3144 utpote
964 3064 1056 3145 quae
1074 3038 1275 3141 tangiaut
1291 3033 1556 3119 demonstrari
1577 3064 1642 3117 ne·

268 3174 426 3267 queunt
444 3156 518 3257 sed,
531 3160 670 3239 auimo
687 3175 845 3255 tantum
862 3158 1107 3267 cerniatqus
1119 3157 1290 3261 intelligi
1298 3157 1641 3265 „quaemateriales

270 3306 356 3359 non
374 3294 469 3359 sunt
487 3278 558 3375 sed
572 3279 717 3388 injure
732 3281 967 3361 consistunt.
985 3278 1104 3361 Unde
1119 3281 1169 3377 in
1177 3279 1298 3362 rebus
1319 3276 1641 3390 incorporalibus

270 3428 430 3483 necesse
444 3400 523 3483 fuit
534 3400 746 3483 admittere
760 3404 1170 3515 quusitradittonam,
1187 3403 1266 3487 hoc
1286 3420 1346 3486 est
1362 3402 1512 3490 &etum
1528 3400 1641 3514 quod

272 3524 359 3603 vice
373 3521 603 3605 traditionis
611 3523 855 3631 fungeretur.
871 3529 1038 3609 Facutm
1052 3554 1175 3637 porro
1185 3526 1264 3611 hoc
1274 3530 1459 3634 consistit
1469 3525 1642 3633 plerum·

272 3648 419 3755 quein
443 3646 638 3754 patientii-
656 3645 812 3727 domini
836 3652 1004 3747 sinentis
1033 3667 1081 3731 ut
1104 3651 1175 3731 sui
1193 3679 1237 3731 re
1257 3650 1357 3733 alter
1382 3648 1583 3729 frueretur
1601 3662 1641 3725 et

271 3770 326 3865 in,
340 3768 502 3850 alterius
530 3770 722 3851 exercitio
751 3772 830 3877 (r),
855 3775 950 3853 Hac
973 3773 1024 3855 de
1054 3773 1403 3885 quasi-traditione
1430 3764 1638 3849 sufficiant

324 3959 448 4039 Tradi
474 3962 597 4067 igitur
625 3980 797 4069 possunt
822 3992 887 4067 res
918 3966 1145 4078 corporales
1182 3989 1331 4043 omnes
1349 3962 1638 4071 cujuscumque

273 4084 430 4186 generis
450 4084 539 4161 sint
559 4085 630 4161 Ast
651 4112 742 4163 cum
759 4115 805 4165 ea
819 4110 959 4167 rerum
974 4102 1117 4167 natura
1134 4088 1201 4185 sit,
1220 4102 1267 4165 ut
1284 4082 1378 4199 alias
1389 4101 1636 4194 praestemus,

274 4200 486 4311 tradamus
505 4220 555 4283 eo
590 4204 712 4285 modo
741 4236 825 4317 quo
852 4210 938 4291 alise
971 4210 1169 4323 praestari,
1197 4208 1303 4289 tradi
1337 4234 1422 4293 non
1447 4221 1636 4317 possunt,

273 4324 343 4405 has
361 4342 591 4433 praestemus
619 4356 668 4408 eo
694 4329 817 4411 modo
843 4360 926 4445 quo
950 4360 1034 4413 non
1052 4332 1158 4430 illas;
1180 4327 1435 4412 manifestum
1457 4332 1534 4428 est,
1560 4334 1636 4436 pro

316 4551 365 4643 (ι)
387 4555 424 4625 V.
447 4556 600 4625 Vinnrurr
619 4554 660 4621 ad
683 4556 761 4624 lust.
782 4556 841 4624 lib.
859 4580 898 4640 2,
915 4558 955 4625 tit
972 4580 1002 4640 ι,
1018 4566 1034 4634 s
1052 4559 1103 4635 do.
