4509 5875
611 598 658 686 ιο
852 616 1093 693 ιιιιιιιιιιιιι
1116 620 1216 688 css.
1239 617 1358 690 rtur.
1383 619 1478 690 vau
1501 608 1596 692 ιιιιι
1619 620 1738 694 nam

662 813 721 892 Ea
741 837 840 892 vero
862 839 953 923 qum
975 829 1118 893 natura
1135 815 1221 922 ipsa
1247 815 1420 922 populos
1437 814 1575 914 docet,
1595 817 1693 925 quia
1710 814 1970 900 immutabilia

610 950 725 1029 sunt,
747 934 858 1011 omni
879 931 970 1040 jure
988 934 1063 1011 rite
1082 949 1277 1042 concepto
1298 934 1440 1014 eadem
1459 935 1743 1035 observantur,
1765 940 1972 1018 omnibus-

610 1077 692 1162 que
716 1053 966 1162 temporibus
993 1053 1135 1134 eadem
1160 1057 1399 1135 exstiterunt
1426 1074 1618 1166 tanquam
1641 1059 1791 1138 divinae
1814 1062 1974 1172 sapien·

610 1175 674 1254 tiae
696 1173 844 1281 fontes,
860 1175 969 1258 unde
995 1203 1066 1257 stra
1085 1176 1288 1284 legislator
1309 1179 1509 1288 principia
1531 1180 1762 1260 exhauriret
1785 1183 1853 1287 (1).
1969 1255 1973 1262 .

666 1401 824 1484 Inutilis
859 1401 994 1512 itaque
1021 1401 1138 1480 labor
1169 1417 1291 1498 esset,
1321 1401 1454 1506 longis
1487 1404 1661 1511 probare
1697 1410 1964 1511 argumentis,

610 1525 722 1664 quod
742 1525 878 1606 nullus
900 1541 1042 1630 negat,
1063 1549 1158 1600 cum
1184 1522 1286 1600 ratio
1303 1523 1496 1602 naturalis
1519 1525 1738 1622 suadeats
1726 1555 1816 1632 Jurs
1833 1546 1972 1609 nostro

537 1649 541 1661 '
608 1649 670 1725 uti
701 1646 791 1754 jure
819 1647 1003 1749 Romano
1036 1641 1088 1722 ad
1114 1639 1415 1721 translationem
1444 1641 1614 1720 dominii
1637 1586 1853 1726 traditione
1875 1675 1974 1756 ope·

608 1763 776 1849 rendam
795 1765 948 1874 requiri
980 1763 1228 1844 voluntatem
1252 1746 1355 1842 illud
1378 1761 1672 1844 transferendi
1661 1792 1705 1844 ιιι
1722 1792 1827 1868 uno,
1843 1771 1974 1878 acqui-

588 1887 766 1966 ¹rendi
753 1915 797 1964 ιιι
821 1887 909 1963 alio.
942 1883 1103 1963 Nullius
1126 1909 1294 1992 quoque
1324 1887 1518 1964 momenti
1546 1884 1652 1965 foret
1679 1886 1974 1993 demonstrare,

608 2022 843 2114 potestatem
872 2001 1108 2116 acquirendi
1131 2001 1331 2082 dominii
1319 2032 1363 2082 ιιι
1384 2005 1485 2103 boc,
1508 2006 1755 2086 amittendi
1742 2036 1786 2085 ιιι
1806 2008 1878 2087 illo
1901 2010 1975 2089 de·

606 2127 793 2222 siderari3
818 2149 912 2206 cum
930 2123 1069 2223 hodie,
1096 2125 1154 2204 sic
1181 2141 1228 2203 ut
1250 2141 1386 2221 antea,
1408 2124 1609 2235 quosdam
1627 2125 1752 2231 leges,
1770 2129 1974 2236 quosdam

606 2275 671 2329 res
682 2249 790 2354 ipsa,
807 2246 907 2326 alios
916 2246 1003 2324 valiae
1019 2247 1196 2324 rationes
1211 2246 1422 2341 incapaoea
1439 2245 1614 2314 reddam
1621 2249 1725 2346 ,qui
1747 2246 1975 2330 dominium

498 2426 503 2435 -
607 2365 850 2450 transierant
866 2381 935 2440 aut
956 2363 1176 2466 acquirant
1198 2355 1281 2436 Sed
1296 2357 1471 2436 maxime
1489 2375 1651 2464 oportet
1675 2362 1899 2471 inquirere,
1917 2397 1971 2452 an

606 2490 696 2598 jure
715 2485 924 2566 Hodiemo
941 2479 1107 2601 traditio
1133 2478 1365 2588 requiratur
1384 2476 1567 2558 iisdem'
1554 2507 1600 2558 ιιι
1623 2482 1774 2592 quibus
1797 2485 1971 2572 dinmus

609 2637 696 2690 eam
715 2605 869 2718 requiri
886 2603 977 2715 jure
994 2605 1178 2686 Romano
1202 2599 1377 2708 casibus,
1395 2599 1497 2714 quid
1514 2604 1741 2712 requiratur
1757 2621 1798 2686 et
1816 2609 1968 2716 quibus

608 2734 654 2816 in
677 2729 843 2818 casibus

661 2960 958 3067 Quamobrem,
977 2961 1130 3043 collatis
1146 2960 1327 3072 undique
1345 2986 1434 3070 quae
1450 2960 1530 3041 huo
1504 2976 1732 3059 spectant
1745 2959 1882 3060 legum
1895 2960 1971 3043 dis

609 3086 905 3193 positionibus,
931 3086 1103 3191 probare
1130 3079 1386 3174 conabimur,
1403 3068 1619 3155 traditione
1637 3073 1818 3155 bodie
1778 3104 1847 3157 mx
1868 3108 1972 3189 opus

610 3234 695 3288 esse
710 3206 764 3285 ad
782 3204 952 3287 dominii
969 3198 1322 3283 translationem·
1281 3224 1396 3305 ,jure
1408 3196 1516 3276 euim
1539 3212 1678 3276 nostro
1702 3214 1847 3305 praeter
1865 3200 1971 3279 obli·
1989 3307 1993 3312 ἢ

609 3330 810 3434 gationem
830 3354 917 3407 rem
940 3322 1205 3407 transterendi
1226 3326 1336 3431 (qnae
1355 3342 1479 3430 porro
1505 3317 1754 3399 voluntatem
1772 3338 1817 3399 et
1834 3336 1989 3430 potes-.

610 3466 732 3531 tatem
750 3448 935 3548 includit,
955 3474 1049 3529 cum
1072 3445 1266 3552 obligatio
1292 3470 1379 3524 non
1397 3440 1658 3547 intelligatur,
1680 3443 1758 3521 nisi
1783 3442 1828 3520 in
1848 3472 1969 3553 quam

610 3572 892 3685 contrahentes
924 3572 1223 3667 consenserint,
1237 3583 1278 3646 et
1297 3566 1523 3646 consentire
1540 3563 1766 3670 potuerint)
1785 3563 1915 3641 nibil
1901 3593 1965 3642 ιιι-

606 3720 732 3801 super
751 3697 905 3808 requin
893 3690 976 3777 'ad
993 3692 1297 3775 translationem
1314 3686 1486 3769 dominii
1501 3701 1592 3765 actu
1611 3684 1847 3768 interrivos
1865 3712 1966 3794 ope-

608 3811 797 3910 randam,
816 3844 949 3923 neque
969 3814 1231 3899 traditionem
1252 3838 1386 3921 neque
1401 3809 1771 3948 transcriptionem,
1790 3810 1966 3916 exceptis

608 3960 714 4043 quos
730 3933 999 4016 indicabimus
1024 3939 1203 4039 casibus,
1221 3960 1399 4048 quorum
1417 3932 1584 4045 quidem
1603 3932 1782 4040 exoepuo
1816 3930 1968 4011 Codice

601 4054 848 4135 vrsorninatim
875 4081 1059 4166 expressa
1088 4088 1135 4139 ea
1163 4088 1254 4171 quae
1283 4055 1522 4165 generaliter
1549 4056 1768 4137 constituta
1795 4053 1966 4133 sustine·

611 4204 721 4272 mus,
741 4180 960 4263 confirmat

653 4388 713 4479 (ι)
734 4390 790 4457 Jus
799 4388 954 4461 Naturale
967 4414 1046 4461 cum
1058 4413 1183 4482 genere
1199 4393 1345 4462 humano
1362 4416 1473 4463 rerum
1490 4406 1603 4461 natura
1617 4388 1863 4483 prodiditlust.
1877 4386 1911 4454 t
1929 4406 1966 4461 s,

605 4510 636 4559 ι.
657 4518 688 4577 ι,
708 4507 734 4575 ς.
755 4516 804 4565 ιι.
