4509 5875
511 688 796 775 resronsro
819 687 888 760 an
910 684 1095 775 Qussr.
1122 682 1396 753 rursretu.
1636 708 1664 777 9

340 888 436 969 Non
456 888 543 967 sola
566 905 701 967 autem
724 889 947 968 mutatione
980 900 1262 993 temperaturae
1283 884 1519 961 immutatur
1536 896 1660 962 status

294 1012 587 1122 aggregationis
606 1035 841 1117 corporum3
863 1008 956 1085 salia
970 1010 1013 1084 in
1034 1006 1140 1115 aqua
1158 1003 1309 1101 soluta,
1325 1003 1443 1082 oxida
1459 1003 1661 1085 metallica
1692 1064 1694 1077 .

288 1132 416 1211 acidis
435 1132 566 1211 soluta
581 1128 870 1235 comprobant,
888 1142 1035 1205 statum
1059 1127 1356 1229 aggregationis
1375 1128 1496 1204 etiam
1513 1130 1660 1207 immu-

287 1258 363 1333 tari
398 1280 474 1361 per
504 1252 738 1332 affinitatem
770 1248 1011 1345 chemicam,
1044 1250 1150 1325 sicut
1175 1246 1295 1326 etiarn
1323 1249 1558 1327 immutatur
1589 1278 1662 1357 per

289 1376 632 1482 compressionem
651 1371 944 1470 mechanicam,
963 1396 1037 1479 per
1057 1368 1160 1449 hanc
1177 1369 1288 1450 enim
1307 1396 1475 1477 vapores
1490 1370 1532 1449 in
1546 1368 1663 1479 liqui·

291 1494 392 1577 dum
412 1513 633 1576 transeunt.
877 1489 881 1496 ’

282 1848 285 1853 .
340 1777 384 1859 Si
404 1804 524 1859 causa
543 1772 688 1858 caloris
711 1800 784 1857 seu
811 1773 1029 1855 catoricum
1058 1772 1111 1853 sit
1138 1801 1232 1853 vere
1259 1775 1448 1873 materia,
1469 1792 1551 1855 tres
1574 1777 1660 1856 istae

288 1899 542 2003 rationesad
561 1890 870 2008 unam‚nem1'›e
889 1896 1123 1977 affinitatem
1145 1896 1366 1975 chemicam
1386 1916 1663 1995 revertuntur;

287 2021 429 2102 eadem
452 2025 564 2103 enim
586 2025 753 2102 materia
780 2015 881 2132 plus
901 2021 1062 2100 calorici
1092 2020 1171 2101 sibi
1199 2018 1475 2101 combinatum
1505 2048 1664 2132 semper

286 2146 413 2227 habet
427 2150 471 2227 in
490 2164 598 2229 statu
612 2146 816 2228 airiformi
833 2174 958 2257 quam
968 2146 1013 2225 in
1022 2162 1127 2225 statu
1139 2142 1316 2255 liquido,
1328 2146 1372 2224 in
1383 2162 1487 2224 statu
1503 2144 1663 2255 liquido

291 2269 384 2379 plus
408 2298 533 2379 quam
557 2274 601 2348 in
623 2285 729 2347 statu
751 2266 903 2363 solido,
926 2287 968 2347 et
994 2268 1055 2373 ab·
1068 2268 1143 2347 hac
1168 2266 1326 2348 diversa
1346 2270 1572 2378 quantitate
1599 2295 1662 2345 ca-

290 2388 409 2468 lorici
437 2390 596 2469 latentis
626 2387 832 2468 diversitas
858 2387 987 2497 ipsius
1012 2387 1142 2467 statiis
1170 2386 1393 2497 dependet;
1422 2388 1500 2466 hoc
1530 2405 1664 2467 tamen

293 2538 387 2589 casu
408 2510 655 2591 combinatio
686 2509 866 2603 chemica
890 2508 1150 2593 dirimeretur
1175 2536 1250 2621 per
1279 2509 1384 2591 vires
1413 2509 1664 2591 mechanicas

295 2656 443 2741 nempe
472 2660 547 2742 per
567 2632 919 2741 compressionem.
944 2690 954 2709 t
1165 2628 1168 2636 ’

338 2916 457 2998 Vires
476 2920 675 3021 organicae
694 2917 887 2999 dicuntur
909 2943 1002 3027 quae
1024 2914 1291 3030 phaenomena
1311 2913 1497 3021 organica
1510 2912 1664 3022 produ·
1761 2969 1766 2980 -

290 3051 398 3114 eunt
424 3035 513 3112 Hoc
540 3057 669 3139 genus
699 3037 852 3114 virium
881 3067 907 3110 a
933 3035 1176 3112 mechanicis
1209 3051 1251 3110 et
1280 3035 1469 3112 chemicis
1498 3041 1665 3118 omnino
1716 3039 1719 3044 ’

286 3156 599 3254 diversumxcsn
617 3158 652 3236 si
678 3157 790 3234 enim
812 3181 977 3235 omnem
998 3153 1145 3233 seriem
1170 3155 1429 3234 materiarum
1442 3160 1661 3261 organica-

213 3336 221 3349 .
285 3307 379 3358 rum
387 3273 833 3388 perscrutemurmulla
847 3303 1020 3386 usquam
1038 3277 1260 3383 reperitur,
1279 3303 1371 3386 quae
1389 3303 1475 3356 non
1497 3280 1675 3358 omniuo

285 3398 447 3480 diversa
466 3402 520 3482 sit
536 3400 588 3478 ah
608 3399 690 3478 iliis
711 3389 805 3508 quae
827 3397 985 3483 viribus
1003 3396 1248 3484 mechanicis
1266 3416 1337 3478 aut
1356 3398 1545 3480 chemicis
1563 3427 1660 3506 pro.-

287 3519 519 3622 ducuntur,
537 3521 649 3608 nulla
668 3549 761 3632 quae
780 3519 844 3604 his
860 3519 1018 3604 viribus
1035 3517 1210 3629 proferri
1231 3521 1367 3628 possit.

342 3784 509 3891 Quippe
529 3783 618 3890 ipsa
637 3780 845 3862 elementa
860 3807 884 3861 e
901 3763 1362 3891 quihus'organicorum'
1381 3777 1550 3864 materia
1568 3813 1666 3866 con-

290 3921 383 4004 stat,
415 3905 517 3987 dum
543 3921 639 3986 suut
666 3907 711 3984 in
740 3931 913 4015 corpore
939 3906 1130 4010 organico
1142 3897 1159 4003 ,'
1186 3903 1449 3985 affinitatibus
1477 3906 1666 3989 chemicis

290 4053 378 4106 non
401 4027 703 4136 obtemperant,
726 4028 799 4110 sed
819 4029 914 4111 alias
937 4030 1107 4108 omnino
1131 4028 1239 4134 leges
1261 4045 1498 4138 sequuntur.
1526 4032 1666 4132 Quen·

290 4175 415 4258 quam
435 4175 521 4232 non
549 4148 808 4233 destruantur
833 4154 941 4234 vires
969 4152 1160 4232 chemicae
1189 4153 1233 4231 in
1263 4177 1435 4259 corpore
1458 4157 1665 4259 organico,

291 4269 460 4352 devictae
478 4287 616 4352 tamen
638 4269 823 4354 famulari
843 4274 1036 4355 ridentur
1052 4273 1211 4352 viribus
1234 4272 1442 4376 organicis.
1475 4277 1665 4358 Attamen

289 4421 379 4505 pon
406 4421 568 4506 semper
596 4393 707 4478 idem
733 4423 808 4476 nee
841 4396 1073 4474 ahsolumm
1101 4410 1171 4472 aut
1201 4419 1383 4504 unquam
1417 4387 1665 4479 illimitatum

295 4531 357 4596 est
377 4514 523 4606 harum
542 4519 781 4628 imperium,
802 4515 1049 4630 quandoque
1068 4513 1318 4600 reluctantur
1337 4519 1443 4601 vires
1463 4517 1661 4603 chemicae.
1705 4627 1708 4636 Δ

416 4677 527 4749 11..
1181 4702 1468 4772 ’.α
