4509 5875
643 649 687 722 32
879 651 1124 726 GUILlliLllll
1147 651 1247 721 CAR.
1270 641 1390 723 Vtut.
1415 649 1512 722 VAN
1536 649 1631 721 DEN
1654 649 1775 720 natu

636 833 898 914 condictione
929 831 1015 912 siue
1043 831 1173 912 causi.
1202 831 1283 912 Sed
1312 832 1391 912 hoc
1411 831 1677 931 sustinemus,
1700 828 1835 908 verbis
1852 827 2010 937 Ulpiani

643 957 753 1036 bunc
771 983 934 1036 sensum
954 957 1042 1038 dari
1061 985 1146 1037 non
1167 983 1301 1064 posse,
1323 972 1364 1034 et
1382 957 1644 1056 sustinemus,
1664 953 1759 1062 quia
1777 949 1897 1059 hujus
1915 954 2012 1030 ratio

643 1107 730 1160 non
766 1081 809 1158 in
844 1079 1037 1186 opinione
1067 1079 1299 1182 accipientis
1332 1103 1460 1191 quam
1490 1093 1625 1160 tamen
1658 1075 1855 1180 Ulpianus
1884 1071 2016 1173 affert,

643 1200 714 1281 sed
738 1203 781 1279 in
802 1197 982 1278 absentia
1008 1197 1116 1275 tituli
1140 1214 1322 1303 exparte
1348 1197 1408 1274 rei
1431 1197 1638 1277 existentis
1667 1195 1884 1308 quaerenda
1899 1197 1961 1274 sit.

665 1481 667 1486 ,
693 1389 774 1470 Sed
792 1390 913 1500 quid,
935 1388 1114 1500 inquies,
1128 1388 1281 1468 diutius
1301 1385 1367 1469 bic
1387 1388 1720 1468 commoramini?
1738 1412 1830 1466 cum
1850 1384 2014 1465 aliunde

641 1529 774 1620 pateat
809 1513 917 1610 satis,
952 1510 1183 1589 dominium
1209 1533 1473 1586 nummorum
1504 1521 1624 1615 quos·
1637 1510 1757 1584 titulo
1785 1505 2016 1584 donationis

641 1632 743 1711 alius
770 1629 959 1737 porrigit,
986 1628 1108 1706 titulo
1130 1627 1263 1707 mutui
1292 1626 1393 1707 alius
1417 1628 1582 1733 accipit,
1601 1653 1688 1706 non
1717 1626 1940 1722 transferri,
1962 1628 2016 1705 si-

638 1747 810 1862 ¹quidem
836 1778 910 1831 nec
941 1749 1108 1846 donatio
1130 1751 1204 1851 sit,
1226 1750 1323 1858 quia
1348 1749 1393 1828 in
1419 1749 1681 1829 donationem
1704 1749 1903 1856 accipiens
1927 1753 2016 1828 non

643 1875 865 1976 consensit,
887 1900 961 1952 nec
986 1889 1193 1972 mutuum,
1220 1873 1316 1982 quia
1338 1873 1383 1950 in
1408 1888 1597 1952 mutuum
1624 1866 1788 1952 tradens
1816 1898 1901 1949 non
1925 1898 2017 1950 con·

641 1999 782 2099 sensit,
801 1995 986 2106 adeoque
1004 1995 1142 2075 nullus
1160 1995 1302 2074 titulus
1314 1993 1468 2094 subsit,
1487 2011 1528 2075 et
1545 1995 1633 2073 sine
1655 1992 1775 2074 titulo
1791 1980 1878 2073 non
1898 1991 2017 2072 intel·

642 2117 788 2224 ligatur
811 2117 1008 2196 voluntas.
1042 2122 1115 2192 Ast
1134 2118 1276 2208 tittrlus
1291 2144 1344 2195 ex
1370 2133 1486 2221 parte
1512 2116 1572 2195 rei
1592 2114 1688 2194 licet
1712 2109 1849 2190 nullus
1871 2114 2017 2214 subsit,

646 2241 787 2320 subest
806 2238 949 2316 titulus
970 2236 1178 2342 putativus
1201 2232 1328 2313 ethic
1354 2231 1519 2336 sufficit,
1541 2238 1588 2318 ut
1610 2232 1797 2315 voluntas
1820 2231 1945 2338 adsit,
1969 2251 2018 2314 ut

644 2361 748 2442 adsit
764 2358 937 2439 dominii
956 2355 1179 2436 translatio.

694 2549 813 2632 Unde
833 2579 883 2632 ex
900 2577 975 2654 eo,
990 2549 1103 2660 quod
1121 2574 1197 2630 nec
1216 2548 1381 2632 donatio
1400 2553 1452 2631 sit
1470 2579 1545 2633 nee
1564 2567 1769 2651 mutuum,
1783 2549 1897 2659 quod
1916 2549 2015 2634 titu-

641 2675 703 2755 lus
715 2703 764 2755 ex
776 2691 887 2785 parte
898 2674 956 2752 rei
967 2673 1390 2788 nullussubsit,unice
1403 2677 1602 2784 sequitur,
1616 2701 1734 2782 posse
1749 2699 1952 2771 nummos,
1969 2687 2019 2752 ut

637 2799 718 2907 jam
737 2798 930 2901 diximus,
949 2798 1076 2905 repeti
1097 2796 1353 2880 condictione
1373 2800 1459 2878 sine
1479 2799 1614 2899 eausa,
1636 2795 1763 2875 modo
1784 2810 1941 2874 exstent
1953 2793 2019 2874 ad·

615 2920 720 3007 ,huc
742 2921 851 3026 apud
874 2921 1154 3021 accipientem,
1175 2951 1269 2992 nam
1295 2923 1329 2993 si
1356 2920 1408 2996 ab
1436 2923 1526 3023 ipso
1550 2920 1780 3028 consumpti
1801 2918 1912 2998 bonai
1936 2915 2016 2998 lide

646 3038 946 3146 luerint,etqui
968 3034 1177 3132 dedit,eos
1194 3052 1370 3142 repetat,
1388 3040 1640 3116 amovebitur
1657 3045 1897 3146 exceptione
1911 3040 2019 3139 doli,

644 3188 739 3241 cum
756 3159 842 3267 ejus
860 3156 993 3264 ipsius¹
1004 3154 1210 3236 voluntate
1223 3160 1485 3268 consumptio
1504 3158 1602 3238 lacta
1623 3158 1699 3264 sit(
1725 3159 1753 3262 ).

694 3351 848 3433 Ultimo
877 3376 954 3428 nec
981 3376 1095 3429 error
1122 3349 1279 3455 obstat,
1300 3353 1402 3461 quin
1428 3351 1657 3431 dominium
1684 3350 1957 3458 transferatur
1971 3354 2017 3433 in

643 3501 736 3555 casu
753 3474 886 3581 posito
892 3498 903 3570 ;
924 3500 1019 3551 nam
1032 3471 1145 3581 quod
1164 3474 1287 3580 vulgo
1306 3474 1477 3572 dicitur,
1493 3475 1662 3553 errantis
1681 3494 1921 3561 consensum
1932 3503 2017 3555 non

643 3626 750 3699 esse,
767 3598 821 3676 ita
835 3595 1113 3703 accipiendum
1133 3600 1392 3703 esu-errantis
1411 3626 1648 3679 consensum
1658 3625 1743 3677 non
1762 3626 1846 3677 esse
1865 3602 1909 3675 in
1927 3625 2016 3676 eam

644 3748 731 3801 rem
753 3723 797 3799 in
817 3746 896 3830 qua
916 3722 1085 3817 erravit3
1113 3720 1180 3799 bic
1205 3738 1340 3801 autem
1367 3749 1454 3802 non
1478 3738 1655 3801 erratum
1682 3738 1742 3801 est
1765 3722 1809 3798 in
1830 3717 2015 3800 dominio

642 3841 946 3940 transferendo,
964 3842 1038 3923 sed
1058 3844 1103 3953 ln
1122 3846 1240 3925 causa
1257 3844 1525 3925 transferendi
1544 3860 1700 3923 tantum
1722 3842 1790 3948 (ι).

697 4036 758 4113 Ex
776 4038 884 4116 hisce
905 4032 1095 4113 omnibus
1122 4036 1286 4117 tandem
1304 4037 1564 4141 deducimus,
1587 4037 1737 4116 intimae
1753 4033 1856 4148 Juris
1873 4036 2018 4115 rationi

645 4153 960 4239 conformiorem
979 4182 1063 4236 esse
1082 4161 1323 4241 sententiam
1341 4162 1507 4266 loliani,
1524 4160 1696 4241 dominii
1718 4159 2017 4241 translationem

688 4344 737 4437 (1)
757 4344 856 4411 Unde
872 4362 1051 4422 sumanus:
1068 4376 1140 4433 cum
1153 4354 1187 4431 iet
1204 4376 1315 4443 eorpus
1330 4354 1477 4445 perillera,
1494 4355 1586 4447 quod
1606 4346 1763 4436 traditur}
1775 4331 2017 4428 comentiamui,

645 4478 680 4623 pp
693 4454 794 4624 σίαωίε
810 4474 885 4519 vero
900 4456 1135 4625 dpscntiamus,
1151 4481 1216 4526 nott
1227 4460 1457 4543 animadverto,
1469 4463 1560 4531 cu'rin
1571 4458 1699 4549 efficax
1711 4464 1754 4528 tit
1765 4460 1907 4527 traditio.
1919 4456 1952 4523 b·
1968 4454 2018 4531 36.

674 4582 737 4625 .‹e
752 4582 822 4649 aeq.
838 4582 900 4627 rer.
940 4580 1004 4625 om.
1026 4622 1028 4627 .
