4509 5875
617 682 665 756 50
729 700 735 713 '
1104 690 1166 758 Fu.
1189 691 1218 757 J.
1240 688 1351 759 DUM
1358 688 1489 759 BECK
1600 708 1615 727 ·

614 846 702 929 illis
725 850 831 929 Hinc
851 848 1037 957 praeclore
1060 848 1204 929 Cicero
1232 879 1242 930 z
1270 848 1491 944 coornet,
1509 848 1576 951 ait,
1596 847 1653 954 (r)
1668 860 1807 955 gentes
1822 864 1863 931 et
1878 855 1996 931 omni

613 988 783 1081 tempore
820 998 906 1053 toto
939 970 1006 1051 tex
1035 989 1075 1052 et
1119 973 1360 1081 sempiterno
1395 990 1437 1049 ct
1469 971 1710 1050 immortalis
1742 972 1984 1064 continebit,

614 1095 884 1203 imusque-erit
905 1097 1126 1175 communis
1148 1098 1272 1204 quart
1286 1097 1478 1201 magister
1499 1110 1540 1173 et
1555 1088 1775 1203 irnpeiotor
1790 1098 1991 1195 omnium,

611 1217 720 1297 Deus
743 1218 828 1313 tlte,
858 1218 953 1325 Iegis
982 1216 1100 1325 hujus
1128 1221 1319 1312 incentor,
1357 1216 1619 1327 disceptator,
1656 1218 1782 1321 lotor,
1820 1222 1890 1299 cui
1921 1221 1995 1325 qni

612 1366 691 1421 non
712 1340 906 1447 parebit,
924 1343 1005 1449 ι’ριε
1021 1370 1062 1421 sc
1076 1344 1214 1450 fugiet
1230 1368 1283 1421 oc
1304 1356 1501 1420 naturam
1519 1340 1689 1423 tamarit:
1714 1343 1995 1451 omemabitur
2130 1426 2137 1439 ,

610 1478 736 1570 atquc
769 1462 845 1543 hoc
875 1466 958 1573 ipso
986 1462 1069 1543 luet
1103 1467 1310 1542 maximas
1326 1488 1499 1571 poenos,
1532 1465 1695 1543 attoniti
1725 1480 1858 1544 cetero
1895 1490 1989 1572 sup-

603 1584 753 1688 plicio,
785 1612 877 1695 quoe
901 1586 1136 1695 putamur,
1172 1588 1407 1694 effitgerit.»
1873 1611 1878 1624 ·

663 1801 716 1879 Et
748 1801 1097 1910 quemadmodum
1125 1831 1257 1888 unum
1283 1832 1413 1911 genus
1438 1804 1684 1895 humanum,
1724 1831 1834 1883 unus
1865 1804 1994 1903 Deus,

613 1936 756 2000 natura
778 1923 942 2027 eadem,
969 1927 1024 2003 ito
1052 1953 1135 2006 una
1157 1924 1292 2006 solum
1311 1918 1372 2005 est
1391 1926 1578 2026 scientia,
1605 1924 1831 2003 innumeris
1851 1925 1994 2024 ramis,

614 2058 662 2121 ut
695 2042 839 2149 orbor,
866 2062 914 2125 ut
945 2074 1073 2151 genus
1102 2045 1211 2126 illud
1233 2047 1468 2127 mortalium
1496 2048 1735 2155 ipsummet,
1763 2044 1912 2150 divisa,
1942 2044 1996 2129 ad

591 2190 745 2245 ,unum
768 2182 903 2247 tomen
930 2168 1124 2281 idemque
1148 2197 1197 2249 ex
1218 2169 1390 2276 singulis
1411 2166 1595 2277 partibus
1614 2183 1749 2249 totum
1774 2168 1996 2274 pertinens.

616 2284 751 2389 Quam
780 2287 835 2367 ob
863 2317 951 2369 rem
978 2291 1184 2398 particulae
1219 2320 1392 2403 qumque
1429 2289 1637 2372 radiorum
1667 2292 1793 2371 instar
1824 2288 1996 2389 circuli,

614 2423 663 2486 ut
693 2410 865 2509 veniunt
889 2412 1086 2517 emedio,
1116 2415 1178 2521 ito¹
1200 2414 1254 2493 ad
1285 2413 1468 2495 medium
1494 2412 1598 2496 illud
1628 2411 1796 2496 redeant
1822 2426 1999 2521 oportet.

589 2622 599 2632 ’
670 2628 824 2709 Totum
853 2626 956 2710 illud
977 2630 1137 2737 generis
1157 2627 1352 2732 humani,
1382 2645 1556 2730 naturae,
1585 2628 1759 2707 scientiae
1775 2592 1871 2707 ’non
1901 2655 2000 2710 con·
2054 2614 2058 2619 ⁴

616 2746 778 2856 ficiunt,
806 2754 880 2859 qui
907 2769 1033 2852 sunt,
1059 2754 1132 2830 sed
1159 2750 1282 2829 simul
1320 2750 1404 2855 illi,
1442 2752 1515 2863 qui
1543 2767 1658 2829 erant
1681 2767 1722 2831 et
1743 2749 1869 2831 Iuturi
1894 2767 1998 2867 sunt.

617 2870 772 2950 Idcirco
785 2876 827 2947 in
839 2872 1022 2978 partibus
1038 2874 1121 2948 suis
1133 2896 1217 2947 non
1235 2874 1357 2946 simul
1364 2888 1445 2962 est,
1471 2870 1543 2947 sed
1562 2874 1693 2948 oritur
1705 2898 1884 2952 successu
1898 2890 1998 2954 tem-

615 3019 772 3099 porum.
802 2991 936 3070 Habet
957 2991 1088 3094 initia,
1110 2990 1274 3093 crescit,
1305 2990 1565 3095 extenditur,
1596 2991 1765 3095 colitur,
1778 2993 1995 3100 perfectio·

621 3143 716 3194 nem
745 3141 861 3196 suam
888 3132 1056 3196 conatur
1090 3114 1261 3194 attinere
1301 3115 1413 3194 omni
1437 3141 1487 3193 ex
1504 3131 1641 3222 parte,
1663 3142 1829 3197 omnem
1850 3117 1894 3196 in
1906 3145 1999 3224 par·

622 3253 723 3333 tem,
742 3255 783 3318 et
810 3235 888 3317 hoc
915 3236 1040 3319 modo
1060 3237 1307 3347 completur,
1340 3235 1565 3358 conficitur..

674 3455 775 3558 Quoe
791 3437 956 3537 scientia
978 3455 1081 3536 hanc
1108 3460 1256 3554 vitam,
1278 3453 1388 3534 hunc
1414 3455 1598 3560 vigorem
1615 3456 1660 3533 in
1678 3469 1768 3534 toto
1801 3455 2001 3563 ostendit,

621 3575 804 3662 Historia
831 3577 990 3659 dicitur.
1020 3581 1113 3659 Haec
1139 3581 1276 3692 itaque
1301 3581 1523 3657 interiorem
1546 3595 1694 3658 statum
1725 3605 1885 3678 rerum,
1912 3580 1999 3657 ani-

624 3722 731 3780 mam
760 3701 926 3807 mundi,
953 3699 1088 3781 sileam
1106 3703 1184 3782 toti
1202 3702 1393 3782 intuetur.
1417 3699 1498 3782 Sed
1517 3703 1621 3781 inest
1646 3727 1813 3812 quoque
1827 3699 2000 3782 alterum

625 3824 669 3902 in
699 3840 816 3924 toto,
842 3827 1029 3926 ceterius,
1056 3851 1224 3934 corpus,
1262 3824 1446 3926 habitus,
1476 3851 1536 3902 res
1569 3825 1673 3933 ipsa3
1694 3821 1797 3902 hanc
1827 3823 2001 3904 Scicmicr

625 3947 829 4028 actuales
850 3948 1157 4059 contemplatur.
1175 3950 1311 4028 Homo
1338 3993 1391 4008 -
1414 3936 1647 4030 moderator
1665 3965 1707 4028 et
1725 3947 1918 4029 dominus
1936 3973 2001 4027 re-

628 4096 739 4171 rum,
766 4069 838 4150 sed
863 4073 934 4180 qui
958 4074 1042 4180 ipse
1068 4075 1112 4150 in
1134 4070 1258 4150 rebus
1278 4088 1360 4174 est,
1384 4071 1435 4151 ab
1463 4073 1560 4179 ipsis
1579 4069 1827 4173 sublevatur,
1867 4067 1924 4147 ab'
1949 4070 1999 4149 iis

629 4190 794 4298 pendet,
815 4190 927 4304 juxta
956 4212 1172 4304 utramque
1199 4193 1277 4275 coli
1304 4193 1448 4300 debet,
1469 4221 1515 4292 ca
1535 4194 1703 4307 quidem
1723 4193 1885 4298 nortui,
1914 4219 1998 4302 qua

627 4329 800 4426 utruque
831 4317 909 4398 sibi
938 4317 1167 4427 respondet

592 4549 600 4568 ’
670 4554 720 4642 (1)
747 4556 908 4646 «Fmgm.
933 4556 1054 4646 phiIos.
1072 4560 1166 4626 Tom.
1190 4559 1272 4639 XII,
1287 4583 1319 4648 p.
1338 4557 1492 4624 285.·ed.
1516 4559 1585 4647 Bip.
1696 4595 1699 4600 -
