4509 5875
587 786 594 803 J
717 704 1013 778 osocmrsn
1036 701 1270 776 asconuu.
1611 723 1653 771 ,ι

302 900 481 979 catenam
503 887 617 995 (quse
636 886 781 993 jamin
801 887 901 967 duas
921 886 999 967 sibi
1018 885 1196 968 diversas
1213 899 1361 991 partes,
1381 879 1576 960 tomum
1588 880 1613 958 i.
1625 905 1659 958 e.

287 1005 536 1114 paludosam
555 1024 596 1086 et
612 1006 913 1085 noeniiabuolem
932 1010 957 1084 i‘.
977 1036 1010 1086 e.
1031 1009 1201 1106 siccam,
1220 1003 1365 1083 orbem
1383 1020 1566 1083 nostrum
1579 1002 1659 1083 dis-

295 1126 423 1230 secat)
442 1126 508 1207 rel
531 1156 554 1205 a
580 1128 691 1207 Mosi
708 1129 1001 1231 continuatam,
1019 1152 1156 1234 reapse
1177 1142 1270 1233 post
1288 1126 1431 1230 longos
1451 1142 1491 1205 et
1509 1124 1661 1205 anfrac-

294 1264 434 1329 tuosos
469 1266 618 1329 nactus
654 1248 834 1358 denique
857 1276 998 1329 versus
1025 1247 1195 1327 boream
1221 1244 1463 1325 adscendere
1490 1264 1531 1326 et
1554 1260 1662 1326 mn're

298 1371 515 1474 attingere,
538 1371 593 1449 ita
610 1386 657 1449 ut
674 1396 764 1479 quse
784 1371 1009 1478 antiquitus
1029 1397 1142 1455 mare
1162 1368 1297 1473 susm,
1313 1368 1396 1447 hsec
1416 1368 1483 1446 illa
1505 1368 1664 1471 ruteni,

295 1492 409 1600 quasi
439 1492 541 1569 zoni
567 1492 871 1586 contineantur3
896 1507 1019 1599 atque
1047 1494 1129 1597 qui
1157 1506 1271 1597 parte
1289 1515 1399 1568 mare
1419 1492 1664 1597 respiciunt,

293 1610 360 1689 vel
388 1608 625 1718 paludosam
649 1610 784 1691 ubivis
802 1627 986 1691 naturam
1005 1606 1237 1709 ostendant3
1258 1607 1357 1713 dum
1377 1638 1441 1714 ea,
1461 1638 1550 1719 quse
1567 1612 1664 1693 citra

295 1748 476 1813 catenam
497 1733 522 1810 i.
546 1760 578 1811 e.
598 1732 642 1811 in
661 1730 863 1812 nwrr'rliem
882 1732 1033 1841 jacent,
1051 1732 1246 1826 continuo
1266 1732 1541 1811 continentem
1560 1731 1663 1812 refe-

294 1872 388 1934 rant
404 1855 627 1965 antiquum.
644 1853 832 1934 Cumhac
846 1853 1023 1962 denique
1037 1854 1234 1932 sententia
1244 1864 1420 1959 congrua
1430 1855 1665 1961 cstipsamet

294 1975 408 2090 vulgi
420 1974 704 2085 traditio,quae
714 1974 817 2054 hanc
826 1992 1008 2057 maenam
1019 1974 1140 2055 Maris
1152 1973 1251 2053 olim
1259 1972 1370 2059 littus
1380 1972 1500 2061 fuisse
1514 1977 1662 2056 asserit.

212 2166 219 2177 .
295 2096 459 2198 Quibus
483 2098 730 2203 argumentis
754 2098 937 2199 innixus,
957 2124 1101 2177 verum
1121 2097 1343 2203 expiscatus
1361 2112 1421 2175 est
1441 2095 1664 2179 Academiae

294 2218 565 2299 Bruxellensis
582 2220 717 2298 socius
736 2216 991 2299 doctissimus
1008 2219 1083 2324 (1),
1099 2219 1173 2327 qui
1186 2217 1323 2297 nullus
1332 2216 1549 2317 dubitavit,
1563 2220 1665 2327 quin

294 2339 346 2419 ab
363 2341 644 2449 antiquissimo
666 2357 849 2448 tempore
871 2368 957 2420 non
975 2341 1109 2420 solum
1126 2356 1275 2418 terram
1293 2355 1434 2420 catena
1447 2354 1585 2419 nostra
1600 2340 1663 2419 iu·

213 2506 217 2512 1
298 2460 466 2564 clusam,
479 2461 550 2542 scd
564 2463 683 2541 etiam
698 2460 930 2541 Flandn'am
943 2461 1203 2563 maritimam,
1216 2458 1489 2559 Hollandiam,
1504 2458 1666 2562 Gelria,

296 2583 394 2660 item
412 2584 548 2663 Frisiae
566 2583 799 2692 utriusque,
818 2581 1093 2689 westphaliae,
1106 2580 1283 2661 Ducatits
1300 2581 1543 2699 Brcmcnsis‚
1560 2582 1664 2658 Ver·
1754 2664 1756 2669 ,
1902 2586 1908 2594 ’

298 2701 449 2804 densis,
478 2703 835 2809 hamburgensis,
860 2702 1234 2808 huenburgensis,
1251 2700 1470 2800 Holstenii‚
1490 2701 1664 2782 Meclen·

302 2822 531 2930 burgensis,
543 2851 588 2902 ac
600 2827 847 2906 Pomeraniae
858 2842 1013 2926 partem
1025 2850 1156 2927 nsque
1169 2821 1221 2901 ad
1234 2816 1543 2903 Woldovienses
1555 2849 1666 2905 mon·

158 3048 161 3055 ¹
305 2963 387 3050 tes,
405 2945 506 3024 mari
520 2943 641 3026 inisse
657 2941 907 3024 submersam
923 2957 1146 3022 asserneret.

905 3141 932 3237 a
953 3131 1058 3210 vn1.

907 3343 1058 3424 Ftuvu.

353 3538 413 3630 A,
440 3537 528 3629 Aa,
558 3532 683 3616 Ande
705 3513 971 3643 (qui-nomen
996 3533 1175 3641 priscum
1197 3533 1386 3637 retenuit)
1407 3533 1561 3616 rivulus
1580 3537 1663 3618 Ma·

298 3661 414 3742 saviae
439 3658 555 3768 pagi,
587 3675 700 3738 ortus
731 3683 783 3736 ex
810 3654 989 3764 ejusdem
1019 3654 1258 3764 paludibus,
1287 3653 1397 3736 unde
1430 3683 1592 3738 cursum
1621 3659 1664 3738 in

297 3782 464 3862 boream
489 3807 731 3888 properans,
755 3778 1020 3859 Taxandriam
1047 3777 1203 3883 influit,
1228 3778 1457 3864 Duthmolae
1482 3779 1603 3860 simul
1625 3797 1666 3860 et

298 3905 462 4010 Digenae
482 3901 520 3981 fl.
540 3901 593 3982 ad
606 3903 706 3983 ostia
724 3900 1025 4010 mixtrm,prope
1043 3902 1251 4011 Empelam
1268 3902 1440 3983 vicinam
1457 3903 1500 3981 in
1513 3903 1666 3983 Mosam

300 4023 444 4104 influit
482 4025 548 4105 Ab
577 4052 627 4104 eo
657 4025 786 4132 probe
815 4022 1122 4131 distinguendus
1149 4025 1250 4106 alius
1278 4023 1457 4133 ejusdem
1490 4025 1666 4106 nominis

301 4147 435 4247 rivus,
462 4174 485 4224 e
514 4147 714 4252 Stryensis
741 4149 832 4256 pagi
860 4146 1031 4228 collibus
1060 4173 1245 4251 mutuus,
1277 4163 1397 4255 atque
1430 4146 1549 4224 variis
1580 4147 1665 4226 sine

237 4363 245 4382 ἱ
301 4268 467 4352 nomine
493 4265 668 4346 fluviolis
694 4268 738 4345 in
759 4271 893 4349 sinum
914 4272 1105 4378 exceptis,
1131 4269 1251 4377 hujus
1272 4268 1362 4376 pagi
1384 4265 1551 4376 paludes
1572 4293 1664 4376 per·

347 4461 397 4567 (i)
417 4477 535 4544 b'abbe
546 4477 649 4544 Minu
664 4477 717 4541 in:
732 4475 833 4544 Mem.
847 4477 890 4544 de
905 4477 1087 4561 l'Acad2ds
1099 4479 1281 4558 Bruxelles,
1295 4478 1334 4545 Τ.
1348 4481 1377 4558 1,
1394 4501 1425 4568 p.
1442 4477 1494 4566 59.
1507 4477 1572 4542 Cir.
1587 4477 1663 4542 Ma·

304 4584 389 4650 linas
403 4606 480 4674 opp.
495 4599 528 4650 ct
547 4581 680 4671 quesibi
697 4582 739 4650 dc
752 4581 898 4650 nominis
912 4597 1022 4672 esynm
1032 4583 1255 4676 disseruimus
