4509 5875
668 654 1217 733 onoonsrsnnmoonou.
1603 682 1630 755 9,

777 798 1634 840 mmmmmwffiu

599 852 1246 1136 'rnoonumtt
1329 1104 1333 1117 ‚

905 1154 932 1249 b
958 1152 988 1231 1·
1278 1170 1280 1176 '

312 1320 508 1400 Nostrum
526 1342 613 1400 non
626 1336 705 1425 est,
721 1319 840 1415 altius
857 1320 1132 1403 descendere
1119 1348 1165 1401 sn
1180 1321 1392 1403 notionem
1408 1346 1455 1403 ao
1466 1338 1633 1434 etymon

251 1467 357 1549 page
369 1443 645 1551 voc1s,utpots
658 1442 1004 1557 quodabOrdrne
1012 1472 1098 1524 non
1107 1461 1169 1523 est
1177 1444 1445 1551 postulatum
1457 1462 1630 1525 attamen

259 1564 398 1675 iisqur
386 1563 560 1648 hatum
578 1592 716 1645 rerum
738 1591 885 1671 parurn
909 1564 1028 1671 periti
1054 1592 1123 1644 eas
1149 1590 1233 1643 non
1262 1564 1379 1671 plane
1409 1566 1632 1673 intelligere

259 1702 451 1791 possunt3
473 1702 515 1765 et
540 1686 734 1795 qnoniam
757 1712 843 1766 non
862 1684 981 1764 multi
1007 1700 1103 1764 sunt
1135 1685 1208 1794 qui
1234 1710 1370 1763 veram
1390 1688 1485 1792 pagi
1511 1688 1633 1793 signi·

259 1802 489 1886 ficationem
510 1805 682 1886 eandem
707 1832 809 1910 esse,
830 1832 878 1885 ac
900 1806 1136 1914 nosmetipsi
1162 1804 1351 1902 eredunt;
1383 1822 1430 1886 ut
1454 1805 1632 1918 denique

257 1929 482 2039 unicuique
511 1944 657 2008 notum
687 1926 900 2031 faciamus,
931 1955 1151 2039 quamnam
1178 1927 1269 2008 voci
1296 1943 1338 2005 et
1369 1927 1568 2034 originem
1592 1944 1633 2009 et

256 2052 470 2141 notionem
505 2066 547 2130 et
576 2050 864 2135 extensionem,
884 2050 1167 2149 tribuerimus;
1200 2045 1322 2129 satius
1352 2066 1442 2152 est,
1470 2050 1631 2131 laudare
1779 2092 1780 2095 ι

256 2196 361 2278 opus
387 2171 665 2253 humanissimi
694 2188 737 2253 et
760 2171 1007 2257 dilectissimi
1034 2172 1211 2281 magistri
1236 2172 1319 2250 mei
1345 2171 1425 2277 (1),
1447 2172 1520 2279 qui
1543 2199 1632 2251 eam

236 2316 346 2373 ‘rem
375 2311 490 2377 extra
523 2320 690 2378 ornnem
715 2292 979 2380 dubitationis
1008 2295 1135 2374 aleam
1165 2294 1324 2433 posuit,
1354 2307 1396 2371 et
1429 2318 1520 2399 quoe
1548 2296 1632 2400 ejus
1725 2314 1730 2327 ·

228 2412 413 2521 plasea
440 2442 692 2523 unaquaeque
714 2414 783 2493 vel
805 2433 949 2495 nostra
960 2417 1123 2524 pagina
1148 2416 1279 2521 ηιαςιι
1305 2414 1514 2520 magisque
1531 2439 1632 2493 eone·

245 2534 410 2643 probat
431 2535 557 2637 Quod
578 2562 672 2616 oum
694 2537 749 2617 ita
766 2538 835 2639 sit,
858 2564 951 2649 quae
968 2532 1136 2619 uberius
1157 2534 1217 2615 ibi
1244 2550 1409 2628 tractus
1429 2550 1630 2653 prostant,

254 2681 304 2734 ea
334 2657 594 2765 paucioribus
620 2657 745 2737 modo
773 2658 930 2762 verbis,
955 2657 1068 2739 velut
1099 2672 1305 2765 excerpta,
1332 2672 1472 2735 nostro
1500 2654 1629 2765 qtmli

254 2802 432 2887 cumque
451 2777 648 2885 opusculo
668 2780 910 2887 praemittere
929 2778 1073 2893 placet,
1093 2776 1259 2871 additu,
1273 2802 1376 2894 quas
1393 2804 1468 2887 φιι
1463 2775 1628 2862 tabui·
1666 2780 1670 2789 “

254 2898 586 2991 mm,1onnnttn
615 2900 955 2988 observationibus.

890 3099 994 3205 sn.

309 3301 576 3412 Posteaquam
594 3299 731 3411 itaque
751 3297 827 3379 Vir
836 3297 885 3379 cl.
907 3297 1082 3379 diversas
1096 3296 1274 3380 ¹aliorum
1282 3297 1526 3406 scriptorum
1544 3323 1628 3380 sen

254 3424 422 3526 tentiae,
448 3451 473 3503 a
503 3424 654 3502 Graecis
671 3423 905 3532 Latinisque
921 3419 1061 3501 ductas
1081 3421 1279 3524 attulerat,
1299 3447 1447 3530 easque
1473 3425 1629 3530 ineptas

256 3543 467 3647 refutarat,
484 3534 797 3647 demonstravit,
814 3541 1148 3651 simplicissimam
1173 3544 1233 3624 rei
1257 3541 1352 3624 vere
1381 3542 1629 3622 Germanice

257 3664 461 3772 originem
479 3667 524 3746 in
547 3667 637 3773 ipso
663 3691 852 3747 sermone
882 3664 1126 3744 Germanico
1147 3679 1306 3747 vetmto
1332 3689 1419 3746 esse
1445 3689 1629 3773 quaeren·

256 3783 352 3865 dam
378 3803 501 3897 utque
529 3811 673 3867 vocem
700 3789 801 3869 Gan
824 3811 911 3867 esse
938 3812 1051 3893 am,
1084 3811 1210 3900 quam
1239 3785 1383 3868 latine
1409 3783 1630 3867 scribentes

255 3906 459 3990 vocabulo
481 3909 594 4018 Paga·
615 3925 910 4018 expresserunt

310 4078 426 4158 Hanc
449 4105 592 4160 vocem
615 4099 748 4162 ortam
779 4083 836 4162 ait
856 4109 879 4162 e
901 4079 1100 4163 vocabulo
1119 4079 1194 4164 Au
1212 4083 1256 4190 (s.
1276 4106 1378 4184 awe,
1396 4081 1484 4182 aot,
1504 4082 1628 4184 auue)

256 4215 300 4280 et
316 4197 475 4308 profixa
497 4200 650 4308 syllaba
661 4233 714 4312 ge
730 4205 828 4312 (sive
852 4230 929 4313 pro
947 4231 991 4286 re
1011 4220 1104 4287 nata
1126 4202 1202 4298 be,
1222 4193 1276 4307 le)
1297 4226 1388 4317 qoae
1404 4203 1489 4298 vim
1508 4201 1628 4336 babet

302 4399 353 4490 (1)
373 4401 552 4470 ranem
571 4405 636 4469 tos.
657 4355 851 4469 nusum
866 4425 876 4467 ι
894 4403 1100 4492 οωςωριι
1111 4423 1270 4491 pagam
1289 4417 1426 4470 nossa
1447 4401 1628 4474 nemausa

259 4502 662 4680 aliquqtlct'srltcnanonon,
671 4509 707 4574 in
715 4507 1585 4680 Unio-Hst'tislbergemiproemrbomata.Bmlin3',1818.
1595 4511 1626 4578 8.
