4509 5875
619 573 666 661 64
861 547 1103 649 omninum
1128 576 1229 646 css.
1252 575 1368 647 vrcr.
1393 577 1490 649 vsu
1513 577 1608 648 orn
1632 571 1753 644 oses

618 775 734 854 nario
753 771 824 852 scd
845 787 887 850 et
901 770 991 877 jure
1008 773 1159 879 scripto
1171 767 1409 869 utebantur,
1427 797 1551 881 quam
1566 769 1738 849 maxime
1748 762 1982 869 valebath),

619 893 815 1002 quodque
844 892 917 972 hac
947 919 1048 972 voce
1081 892 1238 998 vulgari
1264 891 1420 971 solebat
1451 893 1624 1000 exprimi
1649 919 1659 969 ε
1683 889 1719 968 le
1743 904 1849 966 most
1877 885 1986 963 aab&

619 1011 762 1116 leuis,
794 1012 865 1092 sed
891 1012 1091 1122 principia
1119 1038 1207 1091 non
1237 1013 1406 1092 omnino
1436 1011 1578 1092 eadem
1608 1009 1836 1090 hodiedum
1858 1007 1918 1087 sic
1943 1017 1990 1080 ut

618 1149 732 1214 antea
750 1133 972 1234 observari,
997 1131 1235 1238 abrogatum
1251 1159 1349 1213 vero
1376 1159 1463 1213 esse
1485 1133 1636 1214 Codice
1659 1132 1843 1225 Gallico,
1865 1123 1989 1237 quid·

617 1255 718 1363 quid
738 1271 854 1334 antea
884 1255 934 1334 de
954 1253 1028 1333 htc
1056 1281 1101 1334 re
1130 1254 1340 1335 diversum
1356 1254 1467 1362 apud
1488 1253 1631 1336 Gallos
1657 1252 1892 1335 invaluerat.

663 1481 716 1556 Et
741 1506 787 1558 ea
813 1480 983 1588 quidem
1015 1479 1127 1557 omni
1151 1505 1245 1556 casu
1267 1493 1377 1556 oerta
1401 1495 1499 1558 sunt
1523 1481 1569 1556 in
1595 1459 1767 1582 conjuge
1795 1492 1866 1554 aut
1887 1474 1986 1553 fiseo

615 1595 871 1698 succedente,
899 1598 997 1704 quia
1021 1621 1097 1676 nec
1125 1595 1273 1702 conjux
1300 1623 1376 1675 nec
1401 1596 1522 1676 fiscus
1545 1623 1788 1676 concurrere
1816 1621 1912 1674 cum
1937 1595 1988 1673 iis

616 1731 766 1820 potest,
785 1714 936 1824 quibus
962 1717 1155 1824 competit
1186 1714 1300 1827 quod
1331 1745 1410 1798 vox
1436 1718 1575 1824 gallica
1600 1720 1747 1796 scissim
1770 1718 1986 1826 importat3

619 1836 662 1913 in
683 1835 821 1914 liberis
843 1839 965 1918 etiam
988 1837 1240 1918 naturalibus
1267 1836 1546 1920 difficultatem
1575 1838 1730 1919 nullam
1757 1839 1986 1946 patiuntur,

613 1957 647 2034 si
666 1953 945 2040 deficientibus
964 1960 1031 2062 iis,
1049 1960 1295 2070 quibuscum
1316 1961 1432 2042 aliter
1451 1963 1772 2063 concurrissent,
1789 1957 1867 2038 soli
1893 1983 1987 2035 suc·

613 2075 771 2156 cedant.
789 2079 862 2159 Ast
883 2079 956 2161 ubi
984 2107 1077 2159 cum
1106 2080 1195 2161 aliis
1220 2101 1492 2185 concurrunt,
1510 2083 1662 2192 quibus
1685 2083 1759 2159 lex'
1779 2079 1848 2160 dut
1872 2074 1990 2185 quod

614 2220 714 2273 voce
739 2197 816 2274 isit
846 2198 1104 2304 designatur,
1135 2201 1316 2284 dubitari
1341 2219 1496 2302 posset,
1511 2229 1566 2272 m
1583 2202 1792 2279 bonorum
1818 2224 1911 2305 quae
1934 2193 1990 2276 &d
2119 2286 2121 2291 .

614 2340 684 2392 eos
701 2319 915 2420 pervenire
939 2318 1113 2410 debent,
1136 2317 1428 2424 proprietatem
1451 2314 1665 2396 habeanta
1685 2333 1894 2396 momento
1915 2315 1989 2396 de·

613 2431 701 2514 latae
727 2435 1006 2538 successionis,
1025 2463 1118 2515 cum
1144 2437 1281 2544 potins
1298 2435 1506 2519 bonorum
1530 2437 1762 2517 dominium
1783 2422 1895 2542 apud
1917 2463 1989 2516 eos

611 2553 796 2634 videatur
816 2581 916 2655 esse,
933 2558 1007 2666 qui
1026 2557 1164 2638 favore
1182 2585 1281 2640 voce
1301 2561 1449 2639 satisne
1465 2557 1671 2664 designato
1693 2556 1881 2662 gaudent
1901 2557 1987 2637 Sed

613 2673 770 2756 Clariss.
791 2677 990 2756 Dominus
1004 2679 1208 2760 Dscosrsn
1225 2681 1442 2783 existimat,
1460 2707 1558 2761 voce
1576 2678 1719 2759 eedem
1734 2681 1881 2757 souche
1896 2704 1985 2756 non

611 2794 782 2876 dominii
798 2798 871 2879 sed
892 2801 1157 2907 possessionis
1176 2801 1383 2908 dationem
1403 2803 1631 2911 importari3
1648 2799 1778 2901 unde,
1796 2800 1985 2908 quumvis

611 2915 678 2995 alii
711 2918 759 2998 ei
788 2920 982 3022 (saisine)
1011 2920 1238 3024 gaudeant,
1262 2921 1404 3003 liberis
1435 2923 1706 3001 nihilominus
1735 2920 1988 3000 naturalibus

611 3034 733 3142 hujus
750 3040 891 3143 partis,
914 3064 1037 3143 quam
1053 3038 1162 3140 leges
1184 3028 1282 3139 ipsis
1305 3048 1535 3131 reservant,
1559 3032 1788 3115 dominium
1813 3042 1986 3148 acquisi-

611 3174 701 3235 tum
719 3172 795 3257 est,
813 3155 891 3237 nisi
911 3156 987 3235 alia
1005 3158 1109 3235 ratio
1136 3154 1290 3251 obstet,
1310 3154 1531 3262 quominus
1563 3154 1793 3238 dominium
1814 3165 1982 3269 acquisi-

610 3292 699 3359 tum
726 3276 797 3372 sit,
816 3276 912 3385 quia
930 3274 1082 3356 scilicet
1096 3276 1194 3383 ipsis
1209 3274 1348 3355 debita
1366 3290 1427 3354 est
1443 3302 1600 3355 summa
1615 3281 1796 3384 pecumae
1811 3310 1821 3359 ε
1834 3271 1981 3363 notan·

612 3394 712 3474 dum
729 3396 839 3475 enim
858 3394 925 3473 hic
950 3420 1120 3507 qnoque
1155 3411 1243 3499 est,
1274 3398 1457 3504 pecuniae
1486 3394 1715 3480 dominium
1745 3401 1983 3483 translatum

612 3544 698 3599 non
723 3515 893 3624 intelligi
912 3518 991 3603 nisi
1018 3518 1245 3629 specierum
1270 3516 1435 3600 traditio
1458 3514 1557 3597 facta
1574 3520 1635 3599 sit

659 3757 702 3838 Si
710 3774 802 3839 actu
809 3760 961 3841 ultimae
969 3759 1189 3842 voluntatis
1197 3759 1426 3842 dominium
1434 3760 1973 3874 transferendumsit(nempe

611 3877 762 4005 legato,
781 3911 867 3964 non
896 3882 1066 3963 haeredis
1090 3884 1363 4012 institutione;
1385 3910 1480 3963 nam
1507 3885 1691 3968 moribus
1707 3888 1853 4010 nocuis
1870 3888 1977 3969 valet
2014 3914 2016 3917 ⁴

542 4162 547 4173 ·
654 4134 703 4222 (r)
717 4138 989 4223 tassnfrnue
1002 4142 1059 4211 des
1073 4143 1166 4212 Sacc.
1174 4144 1231 4211 liv.
1241 4094 1278 4224 ⁴3,
1296 4146 1349 4213 ch.
1368 4168 1396 4224 r,
1413 4168 1448 4214 n.
1463 4168 1478 4211 r
1494 4162 1529 4215 et
1540 4148 1787 4229 a...Psror,lir.
1804 4149 1925 4228 ar‚tit.
1937 4150 1974 4230 6,

610 4260 672 4305 arr.
696 4260 746 4303 a...
762 4240 801 4305 V.
816 4245 848 4307 la
862 4248 1026 4320 couturm
1044 4250 1087 4319 de
1099 4250 1265 4347 Ponam...
1280 4267 1315 4319 et
1326 4251 1380 4320 Dr
1392 4252 1578 4336 reuma,
1597 4256 1733 4323 diction.
1748 4252 1791 4322 de
1806 4252 1911 4336 droit,
1929 4253 1970 4320 sd

609 4343 746 4410 verbum
764 4345 866 4410 saisr'r.
1201 4356 1209 4375 '
