4509 5875
635 615 681 688 68
957 615 1247 685 'FRANCISCI
1274 616 1303 680 J.
1329 612 1575 681 nissimi

635 794 903 904 cogebantur,
942 792 1090 900 partim
1120 787 1258 870 sedem
1276 783 1457 870 'suarum
1493 815 1631 868 rerum
1670 817 1716 870 ac
1754 790 2001 882 domicilium

450 897 463 922 ‘
512 981 514 984 .
633 920 817 1002 nonaum
842 913 916 994 tac
943 914 987 994 tn
1015 913 1118 994 urae
1148 911 1453 996 collocaveras
1479 911 1781 1019 Quamnam,
1817 945 1870 998 na
1894 921 2004 1002 ιιιι.

633 1043 753 1122 meris
770 1036 1066 1119 retardarentur
1085 1037 1386 1146 impedimentis
1396 1035 1621 1119 Academiae
1630 1066 1884 1148 progressus,
1904 1044 2006 1124 nihil

553 1222 557 1231 .
634 1163 734 1248 mibi
757 1161 962 1274 reliquum
984 1178 1233 1272 erat„quam
1256 1177 1303 1243 ut
1329 1163 1441 1270 ipse,
1461 1164 1556 1248 satis
1579 1165 1722 1273 magni
1747 1193 1839 1276 quae
1863 1194 1887 1245 a
1912 1167 2007 1253 Rec-

634 1289 732 1368 toris
764 1276 897 1369 oillcio
928 1285 1192 1367 abborrerent
1221 1290 1477 1392 negotiorum
1505 1305 1621 1397 parte
1651 1287 1695 1366 in
1726 1314 1793 1367 me
1817 1291 2009 1398 recepti,

636 1410 788 1519 duplici
814 1409 878 1490 vel
901 1409 1052 1520 triplici
1075 1411 1214 1519 potius
1238 1413 1409 1518 personi
1431 1409 1601 1492 indutus
1628 1439 1695 1490 res
1718 1410 1826 1492 illius
1855 1415 2009 1518 gravis-

635 1537 755 1613 simas
775 1532 1006 1612 moderarer
1027 1550 1067 1612 et
1088 1531 1418 1612 administrarem.
1430 1533 1540 1613 Nam
1561 1560 1638 1613 neo
1657 1531 1899 1612 Professoris
1915 1561 2008 1612 mu-

637 1659 726 1734 neri
745 1655 880 1736 deesse
898 1655 1030 1754 volui,
1063 1683 1148 1766 quo
1183 1683 1233 1741 eo
1262 1655 1338 1736 fuit
1362 1653 1584 1754 difficilius,
1614 1659 1712 1766 quia
1734 1654 2009 1762 praelectiones

641 1777 802 1858 Clinioae
825 1794 864 1858 et
882 1779 1188 1858 exercitationes
1205 1777 1305 1857 mihi
1332 1796 1448 1858 erant
1472 1777 1743 1875 demandatae,
1768 1803 1902 1886 neque
1928 1775 2009 1856 ulla

491 2008 495 2017 υ
639 1926 725 1978 eam
747 1897 798 1980 ad
818 1904 904 1980 rem
922 1896 1101 1980 subsidia
1118 1891 1159 1979 et
1179 1897 1414 2009 adjumenta·
1429 1899 1721 2010 suppetebant:
1746 1925 1837 2010 quae
1854 1915 1902 1977 ut
1922 1926 2011 2007 pro-

639 2023 833 2128 spicerem
862 2022 933 2103 diu
952 2022 1187 2104 luctandum
1216 2023 1317 2122 fuit,
1348 2024 1556 2135 multaque
1581 2023 1872 2131 impedimenta
1890 2048 2011 2128 supe-

637 2141 782 2241 randa,
810 2166 901 2254 quaa
926 2169 1011 2224 non
1038 2167 1196 2226 errores
1226 2163 1397 2226 tantum
1414 2164 1457 2228 et
1483 2145 1751 2256 praejudicatae
1774 2145 2012 2252 opiniones,

639 2263 709 2343 sed
739 2265 876 2346 nescio
901 2291 1004 2378 quae
1032 2267 1252 2375 pertinacia
1278 2285 1322 2350 et
1354 2269 1632 2347 consiliorum·
1647 2268 1826 2374 pravitas
1849 2266 2014 2375 optimae

640 2388 788 2496 cuique
814 2391 874 2470 rei
888 2407 944 2470 rat
968 2390 1252 2538 reoenti·ssimae
1277 2389 1428 2472 inferre
1454 2394 1629 2471 maxime
1647 2387 1764 2520 solet.

692 2643 867 2754 Atque
836 2667 892 2720 src
897 2641 1067 2782 ancipiti
1087 2663 1275 2757 semper
1261 2644 1525 2718 contentione
1537 2646 1798 2751 assiduisque
1794 2645 2009 2724 laboribus

642 2760 824 2845 districto
844 2765 992 2870 prioris
1014 2766 1109 2842 anni
1135 2764 1266 2842 exitus
1284 2775 1326 2847 et
1343 2760 1414 2840 ille
1429 2761 1530 2840 mibi
1545 2761 1636 2843 dies
1655 2763 1852 2873 obrepsit,
1870 2752 1955 2845 ubi
1961 2790 2015 2845 ex

640 2885 739 2992 legis
753 2887 986 3007 praescripto
1005 2885 1170 2993 publice
1183 2903 1268 2967 erat
1286 2869 1633 2989 omt'iobabenda,
1644 2912 1720 2971 nec
1737 2903 1895 2971 tanturn
1909 2907 2016 2969 con-

642 3006 733 3117 tigit
760 3010 833 3090 otii
854 3036 900 3089 ac
908 2993 1245 3121 tranquillitatis,
1271 3025 1319 3088 ut
1346 3008 1397 3088 id
1421 3005 1500 3088 boc
1530 3013 1723 3091 orationis'
1740 3005 1947 3093 officium
1956 3015 2015 3091 ita

641 3136 707 3214 inc
717 3134 1005 3241 accingerem,
1033 3148 1158 3243 prout
1192 3150 1233 3213 et
1260 3132 1360 3239 legis
1387 3136 1585 3215 sententia
1614 3150 1655 3214 et
1681 3136 1739 3213 rei
1771 3136 1903 3242 ipsius
1922 3143 2016 3240 gia-

641 3258 743 3337 iitas
771 3257 977 3369 postulire
1003 3255 1249 3341 viderentur.
1280 3258 1327 3333 I'n
1354 3256 1526 3364 simplici
1556 3258 1679 3362 igimr
1701 3264 1869 3337 uatum
1877 3272 2015 3335 rerum

644 3403 735 3489 quae
757 3376 835 3457 b'oc
852 3404 958 3458 anno
977 3358 1211 3459 accidissent
1227 3382 1484 3459 enarratione
1493 3391 1582 3458 esse
1588 3376 1940 3497 adquiescendum
1950 3394 2015 3455 at·-

582 3484 586 3497 ¹
642 3500 867 3581 bitrabar.
875 3502 1147 3611 ampliorem
1163 3520 1216 3583 et
1238 3507 1438 3584 moneris
1452 3488 1639 3610 dignitati
1673 3502 2013 3585 accommodatam

644 3624 880 3707 orationem
897 3624 985 3706 ad
972 3629 1222 3739 insequentis
1253 3628 1347 3707 anni
1377 3626 1500 3706 linem
1528 3642 1821 3723 reservaturus,
1849 3652 1929 3733 qua
1947 3620 1999 3702 ne

642 3744 787 3871 glecta
796 3748 973 3913 quodam
1002 3750 1131 3831 modo
1131 3758 1495 3906 compensarem·
1568 3789 1574 3803 ¹

1058 3896 1073 3918 .
1377 3885 1460 3923 ¹5¹.l
1464 3880 1510 3922 Τ
1569 3887 1573 3897 “
1599 3884 1605 3901 ¹

664 3952 786 4061 Sed
798 3990 890 4061 bant
912 4010 960 4062 eo
979 4002 1049 4064 nte
1063 3987 1225 4067 tandem
1245 3974 1482 4096 peruenisse·
1500 3986 1800 4086 existimassem,
1819 3999 1867 4062 at
1888 4007 2012 4087 nego·

645 4104 716 4184 tili
724 4082 1007 4250 iliqitiintutn
1014 4094 1240 4187 imminutis
1259 4130 1332 4215 per
1350 4099 1546 4186 ieriarum
1569 4112 1700 4187 otium
1726 4108 1831 4187 serio
1852 4127 2013 4212 possam

622 4252 624 4255 ·
645 4227 875 4311 idiait'iin
880 4229 1061 4311 oratione
1078 4216 1229 4339 aliqui,
1246 4232 1299 4308 ita
1317 4246 1365 4308 ut
1381 4247 1422 4309 et
1439 4232 1595 4309 nostris·
1600 4230 1808 4336 legibnset
1820 4223 2011 4306 laudabili

645 4328 869 4470 Malordm
870 4336 1154 4432 consuetudini
1177 4352 1399 4477 satisfieret,
1420 4352 1623 4433 adcurate
1630 4372 1676 4431 a·c
1692 4345 1911 4458 diligenter
1931 4347 2009 4427 ela

642 4469 854 4575 borellia,1
847 4458 966 4584 Nque
975 4460 1151 4567 ιιιειιιιιι·
1161 4477 1290 4557 tarto
1296 4492 1421 4556 anno
1413 4475 1717 4581 magistratum
1707 4472 2008 4558 sedentum

797 4602 818 4651 i
