4509 5875
599 685 843 757 responsio
868 686 1286 777 reuersurum.
1575 673 1627 755 65·
1792 719 1796 727 ι

260 863 514 974 haec'regula:
529 863 738 969 lalcisait
750 868 804 947 les
816 868 1005 962 beritiers,
1022 867 1297 967 l'bommesait
1308 863 1362 944 les
1375 861 1624 970 spumea),

261 991 384 1070 etiam
411 990 471 1068 rei
501 985 638 1092 legatae
661 983 890 1070 dominium
912 989 957 1075 in
978 988 1217 1094 legatarium
1237 985 1388 1099 absque
1403 982 1627 1066 {traditione

259 1111 413 1191 transit

290 1321 345 1397 Et
356 1316 524 1426 quidem
538 1305 579 1398 si'
586 1317 764 1428 legatum
772 1318 1000 1400 universale
1014 1319 1078 1423 sit,
1089 1317 1296 1398 bonorum
1307 1314 1487 1398 defuncti
1497 1315 1627 1395 domi-

139 1525 143 1532 ,
261 1441 377 1522 nium
396 1441 441 1519 in
460 1440 697 1548 legatarium
711 1444 801 1552 ipso
822 1444 912 1552 jure
926 1441 1182 1540 transfertur,
1198 1458 1318 1551 atque
1334 1467 1427 1519 cum
1445 1437 1629 1518 dominio
1728 1439 1731 1445 ’

256 1560 464 1643 bonorum
482 1591 648 1674 quoque
670 1567 886 1672 possessio,
907 1567 940 1644 si
961 1593 1047 1643 non
1064 1563 1199 1643 adsint
1225 1561 1376 1671 quibus
1403 1561 1512 1666 leges
1532 1586 1630 1667 por-

254 1684 413 1762 tionem
426 1683 646 1788 legitimam
664 1702 869 1766 reservant
887 1689 972 1793 (art.
992 1685 1201 1788 1006),sin
1218 1712 1316 1763 vero
1329 1682 1481 1780 adsint,
1498 1680 1630 1761 bono·

259 1831 353 1884 rum
366 1804 519 1915 quibus
539 1807 755 1917 disponere
774 1825 940 1890 testator
957 1808 1092 1916 potuit
1102 1807 1396 1914 possessionem
1412 1831 1497 1884 non
1515 1803 1633 1882 aliter

259 1929 544 2037 consequitur,
572 1957 698 2041 quam
722 1933 756 2010 si
781 1959 870 2012 eam
893 1929 944 2009 ab
965 1931 1069 2038 'ipsis
1097 1929 1473 2036 impetraverit(art
1492 1923 1632 2025 rood);

258 2047 331 2128 sed
349 2049 614 2134 nihilominus
633 2053 679 2132 in
691 2053 902 2161 speciebus
920 2052 997 2161 ipsi
1017 2049 1165 2132 debitis
1179 2047 1270 2157 jure
1291 2047 1463 2128 dominii
1484 2042 1634 2152 gaudet

261 2195 287 2246 a
312 2187 522 2251 momento
555 2171 696 2256 delatae
725 2161 1008 2275 successionis,
1027 2174 1061 2252 si
1088 2197 1232 2251 verum
1253 2171 1332 2270 sit,
1359 2167 1522 2249 datione
1547 2166 1633 2272 ejus

259 2289 375 2397 quod
386 2319 466 2372 vox
483 2295 630 2371 sabine
648 2296 857 2396 importat,
875 2293 1050 2368 nonhoc
1068 2290 1192 2390 effici,
1210 2307 1257 2370 ut
1267 2289 1495 2370 dominium
1509 2303 1637 2367 trans·

261 2408 414 2493 feratur
433 2413 478 2489 in
497 2435 566 2489 eos
584 2411 656 2521 qui
674 2410 722 2490 eb
740 2409 931 2516 gaudent,
948 2409 1018 2491 sed
1036 2408 1234 2518 possessio
1259 2422 1427 2487 tantum.
1497 2415 1502 2425 '

293 2655 295 2660 ·
313 2618 357 2698 Si
380 2619 499 2698 titulo
519 2622 738 2701 universali
758 2621 972 2728 legatarius
991 2623 1199 2706 institutus
1215 2636 1296 2718 est,
1317 2617 1428 2699 idem
1446 2633 1570 2700 estne
1586 2618 1633 2696 in

258 2740 451 2848 legatario
480 2744 720 2846 universali,
738 2747 810 2856 qui
837 2741 1043 2825 concurrit
1067 2771 1162 2824 cum
1186 2739 1416 2824 haeredibus
1434 2740 1631 2846 legitima·

258 2861 666 2977 riis(quibusportio
686 2867 861 2976 legitima
875 2866 1139 2967 reservatur);
1157 2865 1370 2972 legatarius
1386 2865 1495 2944 enim
1511 2860 1633 2944 titulo

258 2986 479 3097 universali
493 2991 700 3065 institutus
722 2993 1039 3096 nunquam-ipso
1061 2990 1151 3097 jure
1176 2989 1299 3066 habet
1316 2987 1429 3096 quod
1446 2986 1525 3065 sibi
1545 2985 1635 3065 vult

259 3128 341 3182 vox
362 3104 521 3195 sauine,
551 3104 637 3181 sive
666 3117 821 3183 exstent
842 3100 1018 3182 haeredes
1040 3102 1287 3207 legitimarii,
1310 3109 1394 3182 sive
1420 3105 1644 3208 legatarius.

260 3220 500 3304 universalis
533 3226 707 3334 scriptus
732 3226 810 3330 sit,
837 3228 921 3309 sive
952 3250 1044 3307 cum
1076 3223 1165 3307 aliis
1188 3223 1498 3307 succedentibus
1535 3252 1633 3306 con·

262 3363 400 3429 currat
417 3349 502 3453 (art.
527 3346 654 3451 1011).

318 3494 361 3638 Si
384 3556 688 3649 tandemtitulo
708 3559 937 3669 particulari
957 3560 1059 3671 qnid
1084 3560 1260 3668 legatum
1285 3563 1357 3664 sit,
1379 3582 1518 3641 rursus
1541 3561 1632 3642 abs

130 3754 131 3761 Ν
265 3706 349 3789 que
370 3676 457 3758 ullo
481 3678 712 3761 traditionis
733 3680 840 3763 facto
863 3682 1090 3765 dominium
1110 3687 1170 3765 re'i
1193 3685 1330 3791 legatae
1355 3686 1445 3792 ipso
1471 3684 1561 3793 jure
1588 3686 1633 3763 iu

264 3800 644 3909 legatariumrabit,
676 3804 800 3886 modo
830 3808 983 3916 species
1012 3834 1113 3917 pure
1144 3806 1270 3914 legata
1293 3808 1365 3904 sit;
1392 3834 1490 3885 nam
1521 3804 1632 3886 idem

203 3970 208 3979 ·
264 3926 407 4033 utique
434 3926 682 4034 principium
712 3932 925 4037 ponimus,
944 3929 1060 4012 illurn
1083 3934 1149 4011 cui
1167 3930 1232 4011 lex
1252 3928 1321 4009 dat
1336 3929 1540 4009 bonorum
1558 3931 1633 4007 rai·

264 4045 365 4135 sine,
389 4071 474 4124 non
487 4044 580 4125 ideo
596 4046 800 4131 bonorum
814 4052 964 4134 habere
986 4053 1213 4134 dominium
1229 4051 1299 4135 sed
1317 4053 1630 4160 possessionem:

265 4165 379 4283 unde
405 4166 610 4274 impetrari
637 4170 689 4249 ab
712 4174 800 4282 ipso
822 4176 989 4287 quidem
1015 4178 1227 4285 legatarius
1252 4180 1545 4287 possessionem
1570 4175 1630 4255 rei

265 4286 407 4394 legatae
426 4286 608 4389 debebit,
627 4291 699 4372 sed
713 4294 763 4373 ab
777 4298 825 4376 ed
837 4300 1119 4408 impetratione
1135 4298 1306 4379 dominii
1320 4296 1526 4379 translatio
1545 4324 1630 4392 non

267 4408 482 4519 dependet
514 4410 740 4521 Objieietur
764 4415 866 4497 forte
897 4438 968 4499 art.
996 4420 1118 4518 rori,
1146 4423 1217 4532 qui
1246 4417 1435 4527 legatario
1461 4446 1544 4501 non
1565 4418 1631 4527 jus

268 4534 315 4610 in
330 4560 392 4640 re,
414 4534 484 4616 sed
497 4536 549 4614 ad
566 4565 672 4639 rem,
692 4554 776 4643 non
796 4541 921 4641 reale,
942 4541 1012 4623 sed
1035 4543 1243 4651 personale
1262 4545 1408 4629 tribuit
1424 4548 1504 4652 (un
1523 4528 1631 4623 droit

477 4663 522 4731 ll.
1421 4693 1446 4763 q
