<?xml version="1.0" encoding="UTF-8"?>
<!DOCTYPE html PUBLIC "-//W3C//DTD XHTML 1.0 Transitional//EN"
    "http://www.w3.org/TR/xhtml1/DTD/xhtml1-transitional.dtd">
<html xmlns="http://www.w3.org/1999/xhtml" xml:lang="en" lang="en">
 <head>
  <title>
</title>
<meta http-equiv="Content-Type" content="text/html;charset=utf-8" />
  <meta name='ocr-system' content='tesseract 3.04.00' />
  <meta name='ocr-capabilities' content='ocr_page ocr_carea ocr_par ocr_line ocrx_word'/>
</head>
<body>
  <div class='ocr_page' id='page_1' title='image "annalesacademia00goog_0059.png"; bbox 0 0 4509 5875; ppageno 0'>
   <div class='ocr_carea' id='block_1_1' title="bbox 809 666 1637 775">
    <p class='ocr_par' dir='ltr' id='par_1_1' title="bbox 809 666 1637 775">
     <span class='ocr_line' id='line_1_1' title="bbox 809 666 1637 775; baseline -0.001 0"><span class='ocrx_word' id='word_1_1' title='bbox 809 666 1082 775; x_wconf 75' lang='lat' dir='ltr'><strong>encausto.</strong></span> <span class='ocrx_word' id='word_1_2' title='bbox 1163 711 1168 727; x_wconf 93' lang='lat'><strong>·</strong></span> <span class='ocrx_word' id='word_1_3' title='bbox 1593 701 1637 775; x_wconf 79' lang='lat'><strong>55</strong></span> 
     </span>
    </p>
   </div>
   <div class='ocr_carea' id='block_1_2' title="bbox 269 864 1644 1464">
    <p class='ocr_par' dir='ltr' id='par_1_2' title="bbox 269 864 1644 1464">
     <span class='ocr_line' id='line_1_2' title="bbox 271 864 1641 979; baseline -0.002 -29"><span class='ocrx_word' id='word_1_4' title='bbox 271 870 525 979; x_wconf 78' lang='lat' dir='ltr'><strong>sapientiam,</strong></span> <span class='ocrx_word' id='word_1_5' title='bbox 552 865 742 966; x_wconf 90' lang='lat' dir='ltr'><strong>molitus,</strong></span> <span class='ocrx_word' id='word_1_6' title='bbox 766 864 815 945; x_wconf 89' lang='lat' dir='ltr'><strong>iis</strong></span> <span class='ocrx_word' id='word_1_7' title='bbox 845 866 890 947; x_wconf 87' lang='lat' dir='ltr'><strong>in</strong></span> <span class='ocrx_word' id='word_1_8' title='bbox 907 865 1027 969; x_wconf 89' lang='lat' dir='ltr'><strong>locis,</strong></span> <span class='ocrx_word' id='word_1_9' title='bbox 1052 864 1125 947; x_wconf 84' lang='lat' dir='ltr'><strong>ubi</strong></span> <span class='ocrx_word' id='word_1_10' title='bbox 1140 882 1385 976; x_wconf 88' lang='lat' dir='ltr'><strong>perpetuum</strong></span> <span class='ocrx_word' id='word_1_11' title='bbox 1411 866 1489 946; x_wconf 93' lang='lat' dir='ltr'><strong>sibi</strong></span> <span class='ocrx_word' id='word_1_12' title='bbox 1509 864 1641 947; x_wconf 92' lang='lat' dir='ltr'><strong>domi·</strong></span> 
     </span>
     <span class='ocr_line' id='line_1_3' title="bbox 270 986 1641 1089; baseline -0.003 -17"><span class='ocrx_word' id='word_1_13' title='bbox 270 992 410 1074; x_wconf 89' lang='lat' dir='ltr'><strong>cilium</strong></span> <span class='ocrx_word' id='word_1_14' title='bbox 442 988 630 1069; x_wconf 79' lang='lat' dir='ltr'><strong>fabricari</strong></span> <span class='ocrx_word' id='word_1_15' title='bbox 664 986 875 1089; x_wconf 81' lang='lat' dir='ltr'><strong>debuerat,</strong></span> <span class='ocrx_word' id='word_1_16' title='bbox 909 987 995 1067; x_wconf 88' lang='lat' dir='ltr'><strong>sola</strong></span> <span class='ocrx_word' id='word_1_17' title='bbox 1031 988 1278 1067; x_wconf 86' lang='lat' dir='ltr'><strong>deverticula</strong></span> <span class='ocrx_word' id='word_1_18' title='bbox 1304 987 1477 1069; x_wconf 87' lang='lat' dir='ltr'><strong>habebat</strong></span> <span class='ocrx_word' id='word_1_19' title='bbox 1503 1020 1513 1068; x_wconf 75' lang='grc' dir='ltr'><em>τ</em></span> <span class='ocrx_word' id='word_1_20' title='bbox 1541 1016 1641 1070; x_wconf 93' lang='lat' dir='ltr'><strong>num</strong></span> 
     </span>
     <span class='ocr_line' id='line_1_4' title="bbox 269 1109 1640 1225; baseline -0.002 -31"><span class='ocrx_word' id='word_1_21' title='bbox 269 1116 378 1220; x_wconf 91' lang='lat' dir='ltr'><strong>talis,</strong></span> <span class='ocrx_word' id='word_1_22' title='bbox 414 1136 663 1225; x_wconf 69' lang='lat' dir='ltr'><strong>quaesumus,</strong></span> <span class='ocrx_word' id='word_1_23' title='bbox 694 1110 738 1188; x_wconf 92' lang='lat' dir='ltr'><strong>in</strong></span> <span class='ocrx_word' id='word_1_24' title='bbox 761 1109 979 1189; x_wconf 84' lang='lat' dir='ltr'><strong>immensos</strong></span> <span class='ocrx_word' id='word_1_25' title='bbox 998 1109 1302 1220; x_wconf 83' lang='lat' dir='ltr'><strong>disciplinarum</strong></span> <span class='ocrx_word' id='word_1_26' title='bbox 1330 1138 1494 1220; x_wconf 89' lang='lat' dir='ltr'><strong>campos</strong></span> <span class='ocrx_word' id='word_1_27' title='bbox 1526 1140 1640 1193; x_wconf 87' lang='lat' dir='ltr'><strong>evec-</strong></span> 
     </span>
     <span class='ocr_line' id='line_1_5' title="bbox 269 1232 1644 1345; baseline -0.003 -28"><span class='ocrx_word' id='word_1_28' title='bbox 269 1255 355 1339; x_wconf 86' lang='lat' dir='ltr'><strong>tus,</strong></span> <span class='ocrx_word' id='word_1_29' title='bbox 392 1252 547 1316; x_wconf 88' lang='lat' dir='ltr'><strong>rectum</strong></span> <span class='ocrx_word' id='word_1_30' title='bbox 562 1259 726 1313; x_wconf 90' lang='lat' dir='ltr'><strong>cursum</strong></span> <span class='ocrx_word' id='word_1_31' title='bbox 769 1249 908 1315; x_wconf 89' lang='lat' dir='ltr'><strong>tenere</strong></span> <span class='ocrx_word' id='word_1_32' title='bbox 934 1233 1104 1343; x_wconf 89' lang='lat' dir='ltr'><strong>poterit,</strong></span> <span class='ocrx_word' id='word_1_33' title='bbox 1131 1233 1290 1342; x_wconf 88' lang='lat' dir='ltr'><strong>iterque</strong></span> <span class='ocrx_word' id='word_1_34' title='bbox 1316 1232 1500 1339; x_wconf 82' lang='lat' dir='ltr'><strong>feliciter,</strong></span> <span class='ocrx_word' id='word_1_35' title='bbox 1519 1234 1644 1345; x_wconf 91' lang='lat' dir='ltr'><strong>idque</strong></span> 
     </span>
     <span class='ocr_line' id='line_1_6' title="bbox 271 1354 1107 1464; baseline -0.007 -25"><span class='ocrx_word' id='word_1_36' title='bbox 271 1358 523 1441; x_wconf 78' lang='lat' dir='ltr'><strong>lanctuosum</strong></span> <span class='ocrx_word' id='word_1_37' title='bbox 547 1354 762 1464; x_wconf 80' lang='lat' dir='ltr'><strong>perficiet?</strong></span> <span class='ocrx_word' id='word_1_38' title='bbox 1103 1366 1107 1379; x_wconf 83' lang='lat'>&#39;</span> 
     </span>
    </p>
   </div>
   <div class='ocr_carea' id='block_1_3' title="bbox 269 1558 1648 2765">
    <p class='ocr_par' dir='ltr' id='par_1_3' title="bbox 269 1558 1648 2765">
     <span class='ocr_line' id='line_1_7' title="bbox 324 1558 1645 1666; baseline -0.001 -26"><span class='ocrx_word' id='word_1_39' title='bbox 324 1562 424 1663; x_wconf 87' lang='lat' dir='ltr'><strong>Quae</strong></span> <span class='ocrx_word' id='word_1_40' title='bbox 454 1588 547 1639; x_wconf 89' lang='lat' dir='ltr'><strong>cum</strong></span> <span class='ocrx_word' id='word_1_41' title='bbox 574 1562 630 1639; x_wconf 90' lang='lat' dir='ltr'><strong>ita</strong></span> <span class='ocrx_word' id='word_1_42' title='bbox 659 1586 701 1639; x_wconf 90' lang='lat' dir='ltr'><strong>se</strong></span> <span class='ocrx_word' id='word_1_43' title='bbox 724 1558 916 1661; x_wconf 84' lang='lat' dir='ltr'><strong>habeant,</strong></span> <span class='ocrx_word' id='word_1_44' title='bbox 943 1559 1118 1638; x_wconf 87' lang='lat' dir='ltr'><strong>Juvenes</strong></span> <span class='ocrx_word' id='word_1_45' title='bbox 1135 1559 1390 1658; x_wconf 88' lang='lat' dir='ltr'><strong>amatissimi,</strong></span> <span class='ocrx_word' id='word_1_46' title='bbox 1407 1558 1485 1637; x_wconf 91' lang='lat' dir='ltr'><strong>hoc</strong></span> <span class='ocrx_word' id='word_1_47' title='bbox 1515 1561 1645 1666; x_wconf 76' lang='lat' dir='ltr'><strong>agite,</strong></span> 
     </span>
     <span class='ocr_line' id='line_1_8' title="bbox 272 1679 1646 1791; baseline -0.001 -29"><span class='ocrx_word' id='word_1_48' title='bbox 272 1699 319 1763; x_wconf 93' lang='lat' dir='ltr'><strong>ut</strong></span> <span class='ocrx_word' id='word_1_49' title='bbox 337 1710 574 1791; x_wconf 86' lang='lat' dir='ltr'><strong>persuasum</strong></span> <span class='ocrx_word' id='word_1_50' title='bbox 593 1682 711 1763; x_wconf 88' lang='lat' dir='ltr'><strong>vobis</strong></span> <span class='ocrx_word' id='word_1_51' title='bbox 735 1681 934 1783; x_wconf 85' lang='lat' dir='ltr'><strong>habeatis,</strong></span> <span class='ocrx_word' id='word_1_52' title='bbox 952 1681 1136 1761; x_wconf 90' lang='lat' dir='ltr'><strong>intimam</strong></span> <span class='ocrx_word' id='word_1_53' title='bbox 1152 1708 1236 1761; x_wconf 86' lang='lat' dir='ltr'><strong>esse</strong></span> <span class='ocrx_word' id='word_1_54' title='bbox 1255 1679 1514 1759; x_wconf 84' lang='lat' dir='ltr'><strong>concordiam</strong></span> <span class='ocrx_word' id='word_1_55' title='bbox 1525 1698 1646 1791; x_wconf 84' lang='lat' dir='ltr'><strong>atque</strong></span> 
     </span>
     <span class='ocr_line' id='line_1_9' title="bbox 269 1802 1647 1915; baseline -0.002 -30"><span class='ocrx_word' id='word_1_56' title='bbox 269 1805 567 1912; x_wconf 84' lang='lat' dir='ltr'><strong>junctissimam</strong></span> <span class='ocrx_word' id='word_1_57' title='bbox 596 1828 852 1915; x_wconf 82' lang='lat' dir='ltr'><strong>quarumque</strong></span> <span class='ocrx_word' id='word_1_58' title='bbox 882 1805 988 1884; x_wconf 85' lang='lat' dir='ltr'><strong>inter</strong></span> <span class='ocrx_word' id='word_1_59' title='bbox 1012 1831 1055 1883; x_wconf 88' lang='lat' dir='ltr'><strong>se</strong></span> <span class='ocrx_word' id='word_1_60' title='bbox 1082 1803 1176 1882; x_wconf 90' lang='lat' dir='ltr'><strong>licet</strong></span> <span class='ocrx_word' id='word_1_61' title='bbox 1195 1802 1555 1883; x_wconf 88' lang='lat' dir='ltr'><strong>diversissimarum</strong></span> <span class='ocrx_word' id='word_1_62' title='bbox 1582 1830 1647 1883; x_wconf 91' lang='lat' dir='ltr'><strong>ar·</strong></span> 
     </span>
     <span class='ocr_line' id='line_1_10' title="bbox 272 1922 1647 2034; baseline 0 -29"><span class='ocrx_word' id='word_1_63' title='bbox 272 1930 376 2005; x_wconf 90' lang='lat' dir='ltr'><strong>tium</strong></span> <span class='ocrx_word' id='word_1_64' title='bbox 394 1944 434 2004; x_wconf 91' lang='lat' dir='ltr'><strong>et</strong></span> <span class='ocrx_word' id='word_1_65' title='bbox 459 1925 762 2034; x_wconf 82' lang='lat' dir='ltr'><strong>disciplinarum</strong></span> <span class='ocrx_word' id='word_1_66' title='bbox 786 1952 936 2005; x_wconf 84' lang='lat' dir='ltr'><strong>nexum</strong></span> <span class='ocrx_word' id='word_1_67' title='bbox 963 1954 973 2005; x_wconf 74' lang='grc' dir='ltr'><strong>ε</strong></span> <span class='ocrx_word' id='word_1_68' title='bbox 1002 1924 1169 2029; x_wconf 88' lang='lat' dir='ltr'><strong>deinde,</strong></span> <span class='ocrx_word' id='word_1_69' title='bbox 1190 1943 1237 2005; x_wconf 90' lang='lat' dir='ltr'><strong>ut</strong></span> <span class='ocrx_word' id='word_1_70' title='bbox 1256 1924 1308 2005; x_wconf 91' lang='lat' dir='ltr'><strong>ab</strong></span> <span class='ocrx_word' id='word_1_71' title='bbox 1329 1922 1647 2030; x_wconf 85' lang='lat' dir='ltr'><strong>intelligentibus</strong></span> 
     </span>
     <span class='ocr_line' id='line_1_11' title="bbox 273 2046 1648 2157; baseline 0 -30"><span class='ocrx_word' id='word_1_72' title='bbox 273 2049 470 2155; x_wconf 83' lang='lat' dir='ltr'><strong>magistris</strong></span> <span class='ocrx_word' id='word_1_73' title='bbox 494 2048 605 2127; x_wconf 89' lang='lat' dir='ltr'><strong>ducti</strong></span> <span class='ocrx_word' id='word_1_74' title='bbox 628 2075 693 2127; x_wconf 88' lang='lat' dir='ltr'><strong>eas</strong></span> <span class='ocrx_word' id='word_1_75' title='bbox 718 2048 896 2156; x_wconf 90' lang='lat' dir='ltr'><strong>primum</strong></span> <span class='ocrx_word' id='word_1_76' title='bbox 920 2047 1038 2127; x_wconf 82' lang='lat' dir='ltr'><strong>robis</strong></span> <span class='ocrx_word' id='word_1_77' title='bbox 1065 2063 1168 2127; x_wconf 85' lang='lat' dir='ltr'><strong>artes</strong></span> <span class='ocrx_word' id='word_1_78' title='bbox 1197 2048 1453 2156; x_wconf 85' lang='lat' dir='ltr'><strong>comparetis,</strong></span> <span class='ocrx_word' id='word_1_79' title='bbox 1495 2046 1648 2157; x_wconf 88' lang='lat' dir='ltr'><strong>quibus</strong></span> 
     </span>
     <span class='ocr_line' id='line_1_12' title="bbox 273 2168 1647 2277; baseline 0.001 -28"><span class='ocrx_word' id='word_1_80' title='bbox 273 2169 360 2249; x_wconf 89' lang='lat' dir='ltr'><strong>sine</strong></span> <span class='ocrx_word' id='word_1_81' title='bbox 395 2168 555 2251; x_wconf 90' lang='lat' dir='ltr'><strong>nullum</strong></span> <span class='ocrx_word' id='word_1_82' title='bbox 576 2169 739 2276; x_wconf 82' lang='lat' dir='ltr'><strong>gravius</strong></span> <span class='ocrx_word' id='word_1_83' title='bbox 763 2171 935 2249; x_wconf 85' lang='lat' dir='ltr'><strong>scientiae</strong></span> <span class='ocrx_word' id='word_1_84' title='bbox 962 2196 1090 2276; x_wconf 86' lang='lat' dir='ltr'><strong>genus</strong></span> <span class='ocrx_word' id='word_1_85' title='bbox 1117 2186 1222 2250; x_wconf 86' lang='lat' dir='ltr'><strong>stare</strong></span> <span class='ocrx_word' id='word_1_86' title='bbox 1257 2171 1333 2249; x_wconf 87' lang='lat' dir='ltr'><strong>rite</strong></span> <span class='ocrx_word' id='word_1_87' title='bbox 1357 2184 1521 2277; x_wconf 88' lang='lat' dir='ltr'><strong>potest;</strong></span> <span class='ocrx_word' id='word_1_88' title='bbox 1557 2187 1647 2250; x_wconf 83' lang='lat' dir='ltr'><strong>mm</strong></span> 
     </span>
     <span class='ocr_line' id='line_1_13' title="bbox 274 2290 1647 2401; baseline 0.001 -31"><span class='ocrx_word' id='word_1_89' title='bbox 274 2318 395 2394; x_wconf 85' lang='lat' dir='ltr'><strong>vero,</strong></span> <span class='ocrx_word' id='word_1_90' title='bbox 422 2293 542 2373; x_wconf 84' lang='lat' dir='ltr'><strong>variis</strong></span> <span class='ocrx_word' id='word_1_91' title='bbox 560 2319 637 2401; x_wconf 88' lang='lat' dir='ltr'><strong>pro</strong></span> <span class='ocrx_word' id='word_1_92' title='bbox 657 2294 748 2373; x_wconf 86' lang='lat' dir='ltr'><strong>vitae</strong></span> <span class='ocrx_word' id='word_1_93' title='bbox 769 2290 1024 2396; x_wconf 87' lang='lat' dir='ltr'><strong>conditione,</strong></span> <span class='ocrx_word' id='word_1_94' title='bbox 1044 2294 1109 2372; x_wconf 92' lang='lat' dir='ltr'><strong>cui</strong></span> <span class='ocrx_word' id='word_1_95' title='bbox 1134 2310 1291 2373; x_wconf 88' lang='lat' dir='ltr'><strong>vosmet</strong></span> <span class='ocrx_word' id='word_1_96' title='bbox 1308 2293 1386 2400; x_wconf 88' lang='lat' dir='ltr'><strong>ipsi</strong></span> <span class='ocrx_word' id='word_1_97' title='bbox 1408 2290 1647 2395; x_wconf 78' lang='lat' dir='ltr'><strong>devovistis,</strong></span> 
     </span>
     <span class='ocr_line' id='line_1_14' title="bbox 274 2412 1648 2523; baseline 0.001 -30"><span class='ocrx_word' id='word_1_98' title='bbox 274 2412 468 2495; x_wconf 85' lang='lat' dir='ltr'><strong>doctrinae</strong></span> <span class='ocrx_word' id='word_1_99' title='bbox 494 2414 666 2517; x_wconf 89' lang='lat' dir='ltr'><strong>studiis,</strong></span> <span class='ocrx_word' id='word_1_100' title='bbox 692 2442 937 2523; x_wconf 88' lang='lat' dir='ltr'><strong>morumque</strong></span> <span class='ocrx_word' id='word_1_101' title='bbox 957 2417 1164 2523; x_wconf 72' lang='lat' dir='ltr'><strong>praeceptis</strong></span> <span class='ocrx_word' id='word_1_102' title='bbox 1211 2412 1418 2522; x_wconf 80' lang='lat' dir='ltr'><strong>percolere</strong></span> <span class='ocrx_word' id='word_1_103' title='bbox 1467 2416 1648 2495; x_wconf 88' lang='lat' dir='ltr'><strong>animum</strong></span> 
     </span>
     <span class='ocr_line' id='line_1_15' title="bbox 274 2520 1648 2644; baseline 0.006 -33"><span class='ocrx_word' id='word_1_104' title='bbox 274 2533 424 2636; x_wconf 86' lang='lat' dir='ltr'><strong>adnisi,</strong></span> <span class='ocrx_word' id='word_1_105' title='bbox 453 2536 576 2613; x_wconf 87' lang='lat' dir='ltr'><strong>finem</strong></span> <span class='ocrx_word' id='word_1_106' title='bbox 604 2552 759 2613; x_wconf 88' lang='lat' dir='ltr'><strong>certum</strong></span> <span class='ocrx_word' id='word_1_107' title='bbox 795 2535 912 2612; x_wconf 80' lang='lat' dir='ltr'><strong>vobis</strong></span> <span class='ocrx_word' id='word_1_108' title='bbox 936 2536 1167 2641; x_wconf 74' lang='lat' dir='ltr'><strong>praefigatis,</strong></span> <span class='ocrx_word' id='word_1_109' title='bbox 1205 2520 1269 2616; x_wconf 90' lang='lat' dir='ltr'><strong>ad</strong></span> <span class='ocrx_word' id='word_1_110' title='bbox 1284 2563 1408 2644; x_wconf 88' lang='lat' dir='ltr'><strong>quem</strong></span> <span class='ocrx_word' id='word_1_111' title='bbox 1437 2537 1648 2642; x_wconf 86' lang='lat' dir='ltr'><strong>dirigatis,</strong></span> 
     </span>
     <span class='ocr_line' id='line_1_16' title="bbox 277 2654 1529 2765; baseline -0.001 -29"><span class='ocrx_word' id='word_1_112' title='bbox 277 2684 361 2765; x_wconf 89' lang='lat' dir='ltr'><strong>quo</strong></span> <span class='ocrx_word' id='word_1_113' title='bbox 390 2655 569 2737; x_wconf 79' lang='lat' dir='ltr'><strong>referatis</strong></span> <span class='ocrx_word' id='word_1_114' title='bbox 592 2660 728 2736; x_wconf 87' lang='lat' dir='ltr'><strong>omnia</strong></span> <span class='ocrx_word' id='word_1_115' title='bbox 754 2671 887 2735; x_wconf 85' lang='lat' dir='ltr'><strong>vestre</strong></span> <span class='ocrx_word' id='word_1_116' title='bbox 913 2654 1054 2736; x_wconf 88' lang='lat' dir='ltr'><strong>studia.</strong></span> <span class='ocrx_word' id='word_1_117' title='bbox 1524 2674 1529 2683; x_wconf 84' lang='lat'>&#39;</span> 
     </span>
    </p>
   </div>
   <div class='ocr_carea' id='block_1_4' title="bbox 328 2856 1648 2968">
    <p class='ocr_par' dir='ltr' id='par_1_4' title="bbox 328 2856 1648 2968">
     <span class='ocr_line' id='line_1_17' title="bbox 328 2856 1648 2968; baseline 0.001 -29"><span class='ocrx_word' id='word_1_118' title='bbox 328 2860 380 2939; x_wconf 92' lang='lat' dir='ltr'><strong>Et</strong></span> <span class='ocrx_word' id='word_1_119' title='bbox 402 2859 483 2968; x_wconf 82' lang='lat' dir='ltr'><strong>jam</strong></span> <span class='ocrx_word' id='word_1_120' title='bbox 514 2857 669 2958; x_wconf 84' lang='lat' dir='ltr'><strong>adeste,</strong></span> <span class='ocrx_word' id='word_1_121' title='bbox 684 2884 780 2934; x_wconf 86' lang='lat' dir='ltr'><strong>mox</strong></span> <span class='ocrx_word' id='word_1_122' title='bbox 803 2858 910 2935; x_wconf 87' lang='lat' dir='ltr'><strong>cives</strong></span> <span class='ocrx_word' id='word_1_123' title='bbox 928 2856 1180 2960; x_wconf 81' lang='lat' dir='ltr'><strong>Academici,</strong></span> <span class='ocrx_word' id='word_1_124' title='bbox 1203 2858 1384 2939; x_wconf 87' lang='lat' dir='ltr'><strong>alacriter</strong></span> <span class='ocrx_word' id='word_1_125' title='bbox 1403 2858 1455 2938; x_wconf 89' lang='lat' dir='ltr'><strong>ad</strong></span> <span class='ocrx_word' id='word_1_126' title='bbox 1475 2861 1648 2942; x_wconf 86' lang='lat' dir='ltr'><strong>Univer-</strong></span> 
     </span>
    </p>
   </div>
   <div class='ocr_carea' id='block_1_5' title="bbox 275 2977 1651 3825">
    <p class='ocr_par' dir='ltr' id='par_1_5' title="bbox 275 2977 1651 3825">
     <span class='ocr_line' id='line_1_18' title="bbox 275 2977 1650 3090; baseline 0.001 -29"><span class='ocrx_word' id='word_1_127' title='bbox 275 2981 399 3062; x_wconf 88' lang='lat' dir='ltr'><strong>sitatis</strong></span> <span class='ocrx_word' id='word_1_128' title='bbox 418 2980 555 3089; x_wconf 88' lang='lat' dir='ltr'><strong>hujus,</strong></span> <span class='ocrx_word' id='word_1_129' title='bbox 574 2977 893 3060; x_wconf 85' lang='lat' dir='ltr'><strong>celebratissimae</strong></span> <span class='ocrx_word' id='word_1_130' title='bbox 905 2978 1135 3090; x_wconf 86' lang='lat' dir='ltr'><strong>quondam,</strong></span> <span class='ocrx_word' id='word_1_131' title='bbox 1155 2977 1291 3062; x_wconf 90' lang='lat' dir='ltr'><strong>denuo</strong></span> <span class='ocrx_word' id='word_1_132' title='bbox 1304 2999 1460 3087; x_wconf 81' lang='lat' dir='ltr'><strong>creatae,</strong></span> <span class='ocrx_word' id='word_1_133' title='bbox 1483 2981 1650 3064; x_wconf 77' lang='lat' dir='ltr'><strong>exedras</strong></span> 
     </span>
     <span class='ocr_line' id='line_1_19' title="bbox 276 3102 1650 3214; baseline 0.003 -31"><span class='ocrx_word' id='word_1_134' title='bbox 276 3103 520 3208; x_wconf 81' lang='lat' dir='ltr'><strong>consoletis,</strong></span> <span class='ocrx_word' id='word_1_135' title='bbox 555 3119 675 3214; x_wconf 88' lang='lat' dir='ltr'><strong>atque</strong></span> <span class='ocrx_word' id='word_1_136' title='bbox 698 3129 891 3208; x_wconf 84' lang='lat' dir='ltr'><strong>generosa</strong></span> <span class='ocrx_word' id='word_1_137' title='bbox 921 3120 962 3184; x_wconf 89' lang='lat' dir='ltr'><strong>et</strong></span> <span class='ocrx_word' id='word_1_138' title='bbox 993 3102 1125 3184; x_wconf 89' lang='lat' dir='ltr'><strong>nobili</strong></span> <span class='ocrx_word' id='word_1_139' title='bbox 1148 3108 1447 3186; x_wconf 85' lang='lat' dir='ltr'><strong>concertatione</strong></span> <span class='ocrx_word' id='word_1_140' title='bbox 1476 3134 1522 3186; x_wconf 87' lang='lat' dir='ltr'><strong>ea</strong></span> <span class='ocrx_word' id='word_1_141' title='bbox 1560 3107 1650 3188; x_wconf 81' lang='lat' dir='ltr'><strong>vitae</strong></span> 
     </span>
     <span class='ocr_line' id='line_1_20' title="bbox 276 3223 1651 3340; baseline 0.004 -35"><span class='ocrx_word' id='word_1_142' title='bbox 276 3228 477 3306; x_wconf 88' lang='lat' dir='ltr'><strong>conemini</strong></span> <span class='ocrx_word' id='word_1_143' title='bbox 507 3241 745 3306; x_wconf 85' lang='lat' dir='ltr'><strong>ornamenta</strong></span> <span class='ocrx_word' id='word_1_144' title='bbox 775 3223 957 3334; x_wconf 89' lang='lat' dir='ltr'><strong>adipisci,</strong></span> <span class='ocrx_word' id='word_1_145' title='bbox 986 3253 1076 3336; x_wconf 78' lang='lat' dir='ltr'><strong>quae</strong></span> <span class='ocrx_word' id='word_1_146' title='bbox 1105 3227 1224 3308; x_wconf 76' lang='lat' dir='ltr'><strong>vobis</strong></span> <span class='ocrx_word' id='word_1_147' title='bbox 1249 3247 1533 3338; x_wconf 85' lang='lat' dir='ltr'><strong>proponentur</strong></span> <span class='ocrx_word' id='word_1_148' title='bbox 1556 3258 1651 3340; x_wconf 86' lang='lat' dir='ltr'><strong>prae·</strong></span> 
     </span>
     <span class='ocr_line' id='line_1_21' title="bbox 278 3345 1650 3460; baseline 0.004 -36"><span class='ocrx_word' id='word_1_149' title='bbox 278 3345 494 3426; x_wconf 86' lang='lat' dir='ltr'><strong>clarissima</strong></span> <span class='ocrx_word' id='word_1_150' title='bbox 518 3363 558 3426; x_wconf 86' lang='lat' dir='ltr'><strong>et</strong></span> <span class='ocrx_word' id='word_1_151' title='bbox 584 3347 768 3424; x_wconf 82' lang='lat' dir='ltr'><strong>maxima.</strong></span> <span class='ocrx_word' id='word_1_152' title='bbox 787 3346 910 3425; x_wconf 86' lang='lat' dir='ltr'><strong>Nulla</strong></span> <span class='ocrx_word' id='word_1_153' title='bbox 929 3351 1039 3428; x_wconf 90' lang='lat' dir='ltr'><strong>enim</strong></span> <span class='ocrx_word' id='word_1_154' title='bbox 1057 3352 1214 3432; x_wconf 86' lang='lat' dir='ltr'><strong>ratione</strong></span> <span class='ocrx_word' id='word_1_155' title='bbox 1229 3354 1378 3432; x_wconf 85' lang='lat' dir='ltr'><strong>certius</strong></span> <span class='ocrx_word' id='word_1_156' title='bbox 1394 3379 1468 3433; x_wconf 81' lang='lat' dir='ltr'><strong>vos</strong></span> <span class='ocrx_word' id='word_1_157' title='bbox 1485 3351 1650 3460; x_wconf 88' lang='lat' dir='ltr'><strong>probari</strong></span> 
     </span>
     <span class='ocr_line' id='line_1_22' title="bbox 277 3469 1649 3584; baseline 0.004 -37"><span class='ocrx_word' id='word_1_158' title='bbox 277 3469 764 3571; x_wconf 77' lang='lat' dir='ltr'><strong>Parn1nParnr,Pnnsc1r1</strong></span> <span class='ocrx_word' id='word_1_159' title='bbox 784 3495 951 3572; x_wconf 75' lang='lat' dir='ltr'><strong>ornato,</strong></span> <span class='ocrx_word' id='word_1_160' title='bbox 971 3471 1204 3554; x_wconf 81' lang='lat' dir='ltr'><strong>Gutnrsmso</strong></span> <span class='ocrx_word' id='word_1_161' title='bbox 1224 3477 1326 3554; x_wconf 79' lang='lat' dir='ltr'><strong>Reor</strong></span> <span class='ocrx_word' id='word_1_162' title='bbox 1343 3475 1649 3584; x_wconf 83' lang='lat' dir='ltr'><strong>atqueancrm</strong></span> 
     </span>
     <span class='ocr_line' id='line_1_23' title="bbox 279 3592 1649 3703; baseline 0.002 -33"><span class='ocrx_word' id='word_1_163' title='bbox 279 3617 419 3670; x_wconf 80' lang='lat' dir='ltr'><strong>annam</strong></span> <span class='ocrx_word' id='word_1_164' title='bbox 448 3592 681 3700; x_wconf 89' lang='lat' dir='ltr'><strong>potueritis,</strong></span> <span class='ocrx_word' id='word_1_165' title='bbox 709 3618 812 3703; x_wconf 91' lang='lat' dir='ltr'><strong>quos</strong></span> <span class='ocrx_word' id='word_1_166' title='bbox 839 3595 946 3673; x_wconf 85' lang='lat' dir='ltr'><strong>Deos</strong></span> <span class='ocrx_word' id='word_1_167' title='bbox 971 3595 1150 3674; x_wconf 82' lang='lat' dir='ltr'><strong>Orrnsus</strong></span> <span class='ocrx_word' id='word_1_168' title='bbox 1180 3599 1365 3677; x_wconf 67' lang='lat' dir='ltr'><strong>Minassos</strong></span> <span class='ocrx_word' id='word_1_169' title='bbox 1384 3597 1497 3676; x_wconf 89' lang='lat' dir='ltr'><strong>omni</strong></span> <span class='ocrx_word' id='word_1_170' title='bbox 1522 3595 1649 3674; x_wconf 74' lang='lat' dir='ltr'><strong>{elici-</strong></span> 
     </span>
     <span class='ocr_line' id='line_1_24' title="bbox 277 3713 1213 3825; baseline 0.009 -35"><span class='ocrx_word' id='word_1_171' title='bbox 277 3728 357 3792; x_wconf 88' lang='lat' dir='ltr'><strong>tate</strong></span> <span class='ocrx_word' id='word_1_172' title='bbox 384 3713 696 3795; x_wconf 72' lang='lat' dir='ltr'><strong>commatissime</strong></span> <span class='ocrx_word' id='word_1_173' title='bbox 722 3731 859 3796; x_wconf 70' lang='lat' dir='ltr'><strong>tructos</strong></span> <span class='ocrx_word' id='word_1_174' title='bbox 884 3716 982 3797; x_wconf 83' lang='lat' dir='ltr'><strong>velit</strong></span> <span class='ocrx_word' id='word_1_175' title='bbox 1006 3715 1213 3825; x_wconf 83' lang='lat' dir='ltr'><strong>sospitari!</strong></span> 
     </span>
    </p>
   </div>
   <div class='ocr_carea' id='block_1_6' title="bbox 0 0 2277 5875">
    <p class='ocr_par' dir='ltr' id='par_1_6' title="bbox 0 0 2277 5875">
     <span class='ocr_line' id='line_1_25' title="bbox 0 0 2277 5875; baseline 0 0"><span class='ocrx_word' id='word_1_176' title='bbox 0 0 2277 5875; x_wconf 95' lang='lat' dir='ltr'><strong> </strong></span> 
     </span>
    </p>
   </div>
  </div>
 </body>
</html>
