4509 5875
638 602 680 671 ιθ
967 599 1452 677 JOANNIS‘BAPTISTAE
1473 600 1649 669 notun

634 816 703 878 tur
723 798 801 875 nisi
829 795 881 875 de
905 794 1199 902 investigandis
1215 814 1256 877 et
1282 795 1574 877 constituendis
1596 772 1753 902 legibds
1771 797 1918 897 virium
1937 799 1996 877 vi-

634 920 784 999 talium.
806 917 983 997 Proinde
1004 920 1172 999 omnino
1188 919 1349 1001 'diversa
1363 920 1517 999 esthaec
1536 918 1765 1000 scientiaab
1777 920 2000 1021 Antonii,

634 1066 759 1153 quam
770 1043 1045 1149 praesupponit
1059 1058 1100 1136 et
1117 1068 1207 1151 quae
1222 1042 1274 1119 ad
1290 1042 1519 1119 historicam
1538 1044 1675 1148 potius
1691 1042 1877 1150 quemad
1897 1041 2005 1121 theo-

634 1168 799 1246 reticam
816 1164 1002 1269 Physices
1018 1178 1174 1269 partem
1194 1160 1402 1241 referenda
1418 1181 1497 1260 est;
1515 1164 1664 1273 siquis
1687 1167 1794 1243 enim
1816 1182 2006 1271 vegetan-

634 1291 738 1365 tium
763 1303 805 1363 et
825 1284 1060 1363 animalium
1085 1286 1284 1363 internam
1306 1302 1550 1365 structuram
1570 1305 1611 1365 et
1629 1312 1713 1365 nen
1733 1286 1868 1367 solum
1894 1288 2007 1367 illam

634 1435 756 1519 quam
769 1408 889 1487 oculo
909 1407 1025 1487 nudo
1048 1424 1091 1485 et
1111 1409 1275 1502 inermi,
1294 1406 1487 1488 sedilium
1514 1434 1681 1517 qnoque
1694 1436 1818 1517 quam
1838 1410 2005 1488 nonnisi

631 1530 992 1635 microscopiorum
1013 1524 1197 1605 subsidio
1215 1528 1477 1633 contemplari
1501 1532 1732 1633 possumus,
1746 1530 1943 1635 explicem
1970 1532 2005 1609 is

633 1652 742 1756 leges
757 1651 907 1729 virium
925 1649 1204 1753 organicorum
1228 1648 1416 1755 exponit,
1434 1646 1508 1727 s'ed
1527 1646 1699 1727 formam
1718 1651 1894 1756 paruum
1909 1652 2005 1761 qui·-

633 1773 713 1852 bus
729 1798 876 1881 corpus
886 1774 1129 1877 organicum
1147 1786 1323 1874 constat,
1344 1768 1456 1880 quod
1475 1788 1760 1875 argumentum
1781 1790 1916 1855 totum
1942 1773 2005 1853 hi-

636 1898 829 1975 storicum
845 1911 912 1971 est.
1410 1920 1414 1929 ’
1605 1894 1609 1901 ’

682 2088 860 2197 Propriis
881 2084 1124 2196 quibusdam
1150 2103 1300 2171 naturae
1331 2076 1486 2173 uiribus
1509 2106 1551 2169 et
1579 2115 1601 2169 a
1636 2088 1877 2172 mechanicis
1911 2084 2004 2167 che-

630 2212 824 2321 micisque
849 2208 1205 2316 diversiscorpora
1225 2206 1414 2314 organica
1427 2228 1468 2291 et
1486 2212 1667 2315 generari
1689 2228 1753 2313 et,
1775 2210 1875 2289 dum
1895 2226 2005 2311 sunt,

631 2332 770 2439 ligari,
793 2360 842 2420 ex
868 2329 1079 2413 antedictis
1098 2328 1260 2422 abunde
1280 2347 1407 2439 patet;
1432 2331 1502 2412 has
1525 2322 1660 2417 autern
1688 2330 1795 2411 vires
1812 2358 1903 2417 ¹non
1929 2326 2005 2409 mi-

633 2482 711 2533 nus
729 2470 854 2533 certas
872 2452 1238 2561 determinatasque
1257 2451 1363 2558 leges
1384 2454 1501 2565 sequi
1530 2480 1652 2565 quarn
1680 2452 1837 2563 reliqua
1858 2454 2007 2533 virium

633 2601 801 2679 genera,
822 2601 871 2651 ex
886 2562 970 2651 lroc
987 2576 1079 2680 ipso
1093 2568 1354 2653 manifestum
1378 2594 1456 2677 est,
1475 2576 1589 2685 quod
1607 2604 1826 2687 corporum
1846 2576 2006 2679 organi·

631 2722 772 2775 cerum
796 2694 923 2788 forma
949 2694 1165 2801 etreliqua
1184 2694 1366 2796 indoles,
1389 2698 1422 2775 si
1444 2696 1545 2806 quid
1574 2694 1744 2807 usquam
1766 2697 1810 2774 in
1833 2696 1921 2775 toti
1940 2722 2005 2773 na·

632 2819 979 2920 turd‚constantes
995 2840 1240 2925 semperque
1259 2814 1337 2895 sibi
1358 2816 1508 2897 similes
1522 2818 1621 2919 sint,
1640 2846 1730 2927 quae
1743 2817 1851 2924 leges
1871 2820 2006 2897 tamen

632 2943 711 3022 hoc
734 2941 853 3020 etiam
880 2965 974 3018 cum
1003 2936 1245 3014 mechanicis
1278 2936 1551 3045 chemicisque
1581 2957 1796 3012 commune
1835 2941 2006 3040 habent,

632 3059 746 3180 quod
766 3057 953 3163 cognosci
972 3069 1175 3162 nequeant
1198 3054 1275 3130 nisi
1295 3079 1345 3130 ex
1380 3055 1477 3164 ipsis
1496 3053 1776 3161 phoenomenis
1801 3055 2002 3140 e'ruantur.

648 3271 730 3363 ·'Si
745 3286 826 3392 jam
844 3283 1008 3364 tandem
1026 3277 1260 3360 accedamus
1278 3279 1329 3358 ad
1347 3281 1440 3360 istas
1458 3279 1644 3388 Physices
1661 3299 1804 3390 partes,
1819 3311 1911 3394 quae
1928 3290 2007 3367 sub

636 3407 802 3486 nomine
829 3403 1237 3518 Physicaeapplieatte
1255 3401 1671 3512 comprehenduntur,
1700 3406 1741 3484 in
1773 3407 1822 3486 iis
1839 3407 2005 3516 phaeno-

634 3556 752 3625 mena
773 3528 1315 3641 explieatiouessortiuntur‘
1332 3555 1380 3606 ex
1399 3528 1697 3608 universalibus
1725 3547 1879 3638 natnrae
1910 3535 2003 3612 viri-

634 3654 734 3757 bus,
751 3681 841 3764 quae
863 3654 907 3732 in
927 3650 1135 3760 prioribus
1154 3650 1336 3758 pertibus
1357 3650 1630 3732 determinatos
1644 3669 1759 3751 sunt,
1773 3679 1865 3760 quae
1878 3641 2000 3733 'siscia

636 3778 754 3886 plina
785 3775 888 3856 nihil
915 3774 1025 3854 aliud
1058 3789 1153 3853 sunt
1185 3799 1307 3882 quam
1337 3773 1594 3852 collectiones
1635 3771 1827 3852 ordinatae
1859 3801 2000 3854 earum

637 3901 967 4009 explicationem
986 3896 1186 4007 explicare
1198 3898 1306 3975 euim
1325 3895 1588 4004 phaenomena
1599 3895 1922 4002 meteorologica,
1934 3915 2003 3978 aut

637 4023 864 4126 plantarum
881 4019 1198 4127 animaliumque
1218 4019 1484 4098 nutritionem
1514 4015 1615 4129 quid
1638 4016 1748 4097 aliud
1776 4034 1855 4117 est,
1878 4045 2001 4130 quam

636 4140 914 4244 determinare,
928 4139 1078 4252 quibus
1087 4155 1239 4223 naturae
1251 4142 1407 4220 viribus
1422 4141 1503 4222 hac
1512 4142 1776 4250 phaeuomcna
1784 4141 2003 4249 producan-

637 4278 782 4360 tur,‘et
799 4268 948 4372 quibus
966 4264 1108 4344 harum
1127 4263 1277 4344 virium
1298 4263 1463 4370 legibus
1477 4251 1701 4352 conlor'mia
1723 4265 1847 4345 sinti
1932 4280 1939 4296 '

689 4454 855 4562 Physica
868 4454 1064 4583 applicata
1074 4457 1173 4542 duas
1189 4457 1470 4568 complectitur
1481 4477 1624 4568 partes.
1638 4459 1891 4573 Geogruphia
1904 4455 1999 4566 phy-
