4509 5875
628 663 873 764 utsronsro
898 665 1337 756 incomestum..
1604 664 1649 735 23

290 851 416 932 haeres
436 845 521 953 ejus
548 847 669 926 ctiam
695 865 785 956 post
818 846 1059 928 electionem
1085 844 1234 927 factam
1260 842 1506 926 voluntatem
1524 867 1651 954 usquc

291 999 367 1080 pro
391 969 511 1048 libitu
533 985 686 1046 mutare
716 986 872 1075 posset3
898 969 1057 1047 nullum
1085 968 1258 1047 dubium
1278 985 1359 1065 est,
1384 969 1484 1078 quin
1505 964 1652 1088 haeredi
1781 977 1786 987 '

291 1120 341 1170 ex
369 1089 603 1196 poenitentid
628 1087 865 1166 electionem
892 1085 1034 1165 factam
1064 1115 1193 1196 usqne
1215 1089 1367 1166 variare
1394 1088 1549 1167 licitum
1574 1089 1651 1167 sit:
1740 1149 1744 1158 .

289 1213 353 1291 sin
377 1237 426 1288 ex
452 1223 689 1288 testamento
723 1223 932 1315 appareat,
961 1222 1100 1286 contra
1123 1223 1356 1287 testatorem
1384 1208 1581 1306 voluisse,
1609 1226 1656 1290 ut
1749 1291 1753 1298 ,

291 1326 435 1410 electio
448 1328 574 1410 semel
591 1327 756 1411 fectaab
775 1327 932 1413 herede
949 1329 1092 1410 variari
1111 1328 1284 1437 amplius
1301 1355 1385 1412 non
1400 1330 1654 1436 posset3nul·

289 1451 376 1530 lum
403 1454 523 1530 etiem
550 1452 743 1550 dubium,
768 1453 871 1560 quin
893 1477 943 1534 ex
968 1454 1205 1558 poenitentid
1231 1452 1472 1533 electionem
1499 1467 1653 1531 mutare

289 1571 441 1654 haeredi
458 1573 510 1652 sit
527 1573 790 1678 prohibitum·
811 1570 891 1652 Sed
908 1599 993 1681 quo
1006 1571 1131 1654 modo
1148 1599 1199 1652 ex
1215 1589 1453 1654 testamento
1471 1575 1558 1652 erui
1578 1571 1656 1652 hoc

294 1693 469 1802 poterit?
492 1696 697 1774 Nimirum
724 1692 1125 1778 earimadvertendum
1151 1699 1278 1778 estin
1304 1695 1442 1802 legatis
1461 1695 1657 1801 genericis

290 1833 331 1896 et
358 1816 603 1898 alternativis
621 1835 744 1925 prout
763 1835 804 1898 ct
830 1819 874 1898 iu
902 1817 1253 1926 stipulationibus,
1279 1817 1449 1896 formam
1472 1843 1550 1896 usu
1573 1818 1655 1896 llo·

288 1964 501 2020 manorum
529 1957 730 2048 acceptam
751 1939 873 2020 fuisse
897 1941 978 2051 qud
1007 1939 1244 2020 electionem
1273 1938 1420 2028 haeredi
1448 1953 1656 2017 tentatores

290 2077 547 2178 reseryarent
559 2061 761 2168 Scriptum
779 2063 889 2142 enim
899 2061 1052 2172 ubique
1063 2063 1311 2155 invenimus:
1322 2061 1407 2162 lego
1420 2060 1523 2138 Titio
1533 2082 1656 2135 unum

289 2207 340 2260 ex
356 2183 471 2258 servir
486 2184 582 2262 neeis
602 2211 719 2286 quem
738 2186 861 2258 laceres
878 2186 997 2272 uolat,
1006 2185 1096 2283 logo,
1105 2182 1209 2258 Titio
1226 2178 1406 2259 &ledum
1420 2205 1574 2256 servum
1591 2177 1660 2256 vel

292 2300 555 2407 Pamphilum
583 2316 716 2379 utrum
747 2299 869 2380 baeres
897 2299 1013 2378 volet.
1043 2299 1249 2407 Scriptum
1284 2301 1405 2378 etiam
1433 2301 1656 2405 reperimus

289 2424 333 2501 in
355 2422 442 2500 aliis
461 2449 470 2499 :
488 2449 608 2528 quem
634 2421 756 2502 ltoeres
782 2421 971 2514 voltam,
998 2438 1133 2502 utrum
1161 2421 1284 2502 lueret
1313 2421 1503 2513 volmar,
1534 2436 1576 2500 et
1606 2446 1653 2498 ex

289 2541 362 2622 hdc
380 2543 489 2620 varii
507 2541 636 2622 formal
660 2544 809 2622 variam
830 2545 1030 2624 testatoris
1051 2542 1301 2629 volunutem
1319 2540 1456 2652 quoad
1476 2542 1540 2648 jus
1556 2541 1656 2620 eleo

289 2664 410 2742 tionis
435 2663 551 2744 factae
579 2691 628 2742 ex
654 2665 890 2771 poenitentid
918 2661 1120 2746 mutandae
1147 2662 1395 2744 deducimus
1427 2663 1587 2742 Etenim
1621 2664 1656 2740 si

292 2799 457 2873 testator
471 2857 474 2864 .
490 2786 694 2892 scripserit
719 2815 729 2864 τ
751 2813 870 2892 prtem
902 2785 1025 2872 heres
1055 2785 1185 2877 volet,
1219 2803 1354 2866 utnon
1382 2785 1505 2875 lueres
1530 2785 1656 2875 colet,-

290 2921 491 3013 putamus‚
514 2905 665 2989 haeredi
691 2932 765 3013 per
782 2906 863 2985 haec
881 2906 1004 2983 verba
1028 2906 1166 2999 licere,
1185 2924 1233 2983 ut
1250 2907 1491 2983 electionem
1513 2906 1656 2985 &cmm

289 3052 339 3107 ex
357 3029 593 3131 poenitentid
611 3054 742 3131 usqne
762 3036 901 3103 mutet
920 3022 993 3101 Sin
1008 3050 1150 3127 :quem
1168 3023 1291 3131 liceret
1310 3024 1500 3117 voluerit,
1525 3043 1657 3105 omem
1780 3110 1787 3126 „

290 3142 412 3221 toeres
433 3141 623 3233 voluerim·
645 3156 854 3249 putamus,
872 3140 1073 3223 haeredem
1101 3142 1339 3223 electionem
1361 3144 1485 3222 semel
1506 3145 1655 3226 factam

292 3278 450 3343 mutare
475 3258 647 3369 amplius
670 3286 753 3341 non
779 3288 907 3368 posse.
935 3264 1070 3343 Prima
1083 3260 1241 3343 scilicet·
1260 3262 1382 3343 verba
1403 3263 1455 3361 ad
1472 3263 1655 3346 futuram

293 3399 491 3491 spectent,
511 3382 585 3460 alia
602 3384 646 3464 in
665 3385 914 3497 praeteritum
938 3384 1178 3467 referuntur.
1200 3384 1319 3467 Unde
1343 3388 1540 3495 inprimo
1560 3413 1655 3467 casu

294 3504 417 3585 hares
439 3520 600 3585 tenetur
623 3503 816 3609 legatario
843 3521 1027 3613 prestere
1055 3534 1142 3589 rem
1166 3536 1293 3616 quam
1310 3510 1449 3618 enge,
1464 3531 1549 3587 uon
1567 3531 1656 3586 eam

291 3652 419 3732 quam
443 3626 599 3732 elegerit
607 3682 624 3717 „
653 3624 835 3738 adeoque
856 3629 890 3707 si
908 3627 1115 3737 cujusdam
1132 3633 1190 3710 rei
1220 3632 1362 3711 electio
1385 3629 1486 3708 fecta
1514 3629 1582 3725 sit,
1600 3616 1656 3708 ol>

291 3747 396 3831 hano
422 3746 660 3828 electionem
687 3747 813 3829 heeres
839 3778 924 3833 non
947 3768 1127 3851 tenetur;
1155 3754 1198 3831 in
1218 3752 1396 3833 seeundo
1418 3777 1513 3830 casu
1533 3750 1656 3831 heres

294 3884 453 3949 tenetur
475 3868 666 3974 legatario
685 3890 872 3978 praestare
890 3902 976 3955 rem
995 3902 1121 3983 quam
1142 3876 1312 3982 etegent,
1332 3873 1513 3983 adeoque
1531 3874 1578 3953 re‘
1591 3902 1656 3953 se»

296 3988 376 4067 mel
409 3988 533 4069 electi
569 3990 670 4073 hanc
708 3993 803 4075 dare
831 3996 1019 4103 legatario
1055 3996 1197 4098 debet,
1231 3997 1328 4105 quia
1355 3993 1495 4101 elegit,
1524 4022 1656 4105 neque

298 4108 534 4191 electionem
554 4114 747 4195 mutando
764 4116 882 4199 aliam
901 4117 996 4201 dare
1015 4121 1176 4228 poterit
1199 4119 1285 4199 Nec
1307 4133 1422 4225 putet
1442 4118 1552 4227 quis,
1568 4143 1655 4196 eaa

301 4232 420 4313 nobis
443 4235 577 4314 nostrai
606 4236 737 4316 solum
763 4244 996 4322 auctoritate
1022 4242 1088 4322 hic
1114 4244 1245 4351 posita
1266 4267 1375 4336 esse;
1403 4240 1655 4350 quaesivimus

299 4358 406 4437 enim
430 4356 514 4437 haec
540 4360 675 4438 omnia
696 4386 745 4439 ex
762 4364 805 4440 L.
833 4390 904 4445 112
925 4362 963 4441 fl:
990 4361 1039 4442 de
1057 4363 1168 4443 verb.
1190 4361 1287 4461 obl,
1306 4360 1378 4450 ubi
1405 4359 1548 4443 iisdem
1565 4389 1655 4439 ver-
