4509 5875
446 664 450 673 ¹
591 654 638 743 54
991 736 994 741 ¹
1089 656 1150 721 rs.
1176 656 1205 721 r.
1231 652 1481 723 nnnracn

588 817 843 902 versitatibus
848 814 1076 920 facultates
1105 814 1385 908 nominemus5
1405 809 1478 891 sed
1494 833 1601 918 quae,
1625 821 1673 886 ut
1700 832 1751 885 ex
1776 810 1843 909 iis,
1872 834 1964 919 qun

590 941 785 1044 diximus,
803 940 893 1020 luce
908 938 1055 1026 xelarius
1077 955 1154 1041 est,
1172 965 1259 1019 non
1273 938 1494 1019 Serentmm
1516 929 1696 1041 praebere
1714 932 1961 1041 pessumo).

593 1156 597 1168 '
643 1161 839 1272 Quisquis
868 1149 974 1266 'ergo
1002 1158 1121 1241 altius
1150 1158 1321 1264 gradum
1350 1182 1503 1264 ponere
1533 1170 1575 1235 et
1600 1152 1852 1236 humanioris
1877 1150 1963 1231 rul-

588 1302 689 1363 turoe
706 1252 954 1390 discipulum
974 1308 1059 1361 sese
1081 1281 1283 1362 nominari
1305 1297 1345 1359 et
1368 1276 1540 1387 dignum
1567 1276 1711 1359 haberi
1740 1272 1965 1371 desiderat,

589 1408 662 1518 qui
688 1408 730 1484 in
755 1404 865 1484 hunc
884 1403 1191 1484 lectissimorum
1212 1404 1408 1511 juvenum
1435 1420 1586 1482 coetum
1612 1400 1852 1509 recipiatur3
1872 1397 1965 1507 qui-

479 1536 488 1553 '
590 1556 772 1641 cunque,
813 1544 859 1605 nt
891 1526 1063 1605 verbulo
1091 1524 1248 1628 dicam,
1268 1526 1324 1603 ita
1354 1526 1491 1607 rivere
1522 1525 1654 1634 cupit,
1681 1540 1728 1602 ut
1759 1520 1970 1603 veteribus

588 1648 754 1754 dignus,
773 1650 876 1727 aetati
895 1676 977 1727 sure
998 1648 1155 1727 amicus
1181 1647 1269 1751 fiat,
1289 1646 1471 1758 adjutor,
1500 1648 1653 1750 fautor,
1680 1664 1722 1728 et
1741 1645 1871 1755 'cujus
1905 1649 1967 1755 ip·

589 1770 673 1851 sius
696 1774 922 1881 praestantia
944 1768 1044 1851 facta
1059 1771 1124 1850 rel
1145 1768 1316 1879 posteris
1329 1768 1455 1850 fausta
1472 1788 1513 1850 et
1529 1787 1663 1878 optata
1684 1796 1769 1849 esse
1790 1770 1965 1877 possint:

590 1896 625 1979 is
647 1894 828 2003 prolecto
856 1912 980 1975 totam
1006 1896 1221 2007 antiquam
1236 1896 1361 1975 vitam
1389 1920 1440 1973 ex
1461 1891 1670 1973 literarum
1693 1894 1969 1988 monumentis

595 2045 640 2096 ac
672 2016 960 2099 historicorum
994 2021 1294 2100 commentariis
1339 2016 1587 2119 desumtam,
1619 2016 1818 2095 imbibere
1851 2033 1893 2095 et
1926 2018 1972 2097 in

594 2166 760 2219 succum
791 2167 912 2221 suum
941 2169 986 2220 ac
1009 2143 1248 2249 sanguinem
1277 2130 1451 2222 vertere
1469 2139 1627 2221 studeat
1645 2156 1788 2251 atque,
1808 2168 1858 2219 ex
1878 2138 1968 2221 illo-

593 2258 686 2340 rum
714 2265 828 2373 quasi
855 2264 1078 2367 societate,
1106 2264 1280 2345 amicitia
1293 2261 1620 2375 ,eonsuetudine
1637 2262 1848 2374 prodiens,
1863 2264 1971 2354 riam

594 2382 772 2485 inveniat
800 2385 852 2465 ad
880 2413 994 2464 suam
1024 2388 1148 2465 vitam
1160 2383 1296 2495 probe
1316 2386 1606 2467 instituendam
1633 2416 1642 2465 ε
1671 2414 1794 2499 quum
1812 2386 1971 2480 sibene

594 2535 640 2585 ac
677 2508 752 2585 rite
781 2524 945 2615 paratus
973 2506 1097 2587 semel
1124 2510 1176 2588 sit
1211 2510 1436 2612 ingressus,
1469 2524 1634 2610 teneat,
1674 2509 1971 2625 corniliumque

595 2631 850 2739 propositum
878 2647 1109 2710 constanter
1146 2646 1287 2735 urgeat
1316 2659 1362 2709 ac
1388 2647 1668 2740 prosequatur.
1702 2632 1796 2710 Haec
1836 2634 1974 2712 insunt

595 2752 639 2829 in
666 2753 819 2831 ratione
852 2750 920 2828 illa
948 2751 1196 2829 sanctissima
1235 2753 1364 2855 regis,
1392 2780 1474 2861 qua
1504 2752 1629 2833 fretus
1658 2750 1730 2833 Ille
1757 2753 1973 2861 rempubli-

595 2896 685 3053 earq
710 2870 926 3079 libaria?
946 2865 1161 2981 fraudavit,
1177 2866 1431 2980 fundatisque
1449 2869 1532 2977 jam
1560 2873 1867 2980 prosperitatem
1894 2877 1971 2958 sibi

596 3000 667 3080 gra
686 3003 714 3054 u
798 2999 819 3052 r
907 3035 914 3050 .
1348 2993 1354 3002 ·

651 3180 726 3263 Ast
757 3179 835 3288 qui,
854 3177 1059 3258 contrariu·
1072 3177 1152 3277 via,
1173 3201 1260 3255 non
1284 3177 1414 3256 rarius
1441 3177 1610 3274 calcata,
1639 3179 1858 3261 ornatioris
1884 3186 1974 3264 ritae

599 3327 741 3408 expers
759 3300 878 3410 plane
903 3328 949 3380 ac
966 3295 1099 3404 rudis,
1116 3325 1264 3407 panem
1283 3297 1466 3401 inhians,
1486 3299 1609 3380 illotis
1635 3303 1824 3383 manibus
1843 3333 1973 3386 sacras

596 3426 804 3509 numum
830 3423 936 3504 fores
967 3422 1126 3530 pulsare
1166 3421 1276 3502 baud
1298 3439 1509 3528 gravatur,
1543 3441 1667 3534 atque
1707 3453 1760 3506 ne
1777 3428 1973 3508 ‘imbutas

595 3547 786 3654 quidem,
802 3545 955 3629 nedum
971 3544 1152 3652 pertusas
1164 3542 1399 3626 liberalibus
1423 3546 1617 3626 doetrini‘s'
1630 3567 1785 3630 mentes
1796 3551 1847 3628 ad
1866 3579 1974 3631 sacra

597 3669 664 3750 illa
697 3668 856 3767 adfert3
881 3670 970 3780 qui
983 3667 1138 3780 absque
1168 3667 1336 3749 consilio
1363 3671 1441 3748 iter
1474 3669 1598 3773 illud,
1627 3670 1742 3782 quod
1775 3671 1888 3754 ducit
1922 3675 1973 3754 ad

642 3871 691 3962 (ι)
712 3869 788 3938 vid.
813 3870 1002 3962 Philosoph.
1027 3874 1255 3963 Encyelopoed.
1278 3898 1345 3942 von
1366 3875 1398 3942 S.
1419 3875 1572 3947 Ertmdt.
1591 3877 1708 3966 Freyb.
1729 3877 1777 3946 im
1792 3878 1966 3972 Bteitgau,

603 3977 700 4057 1818,
721 3977 820 4044 in·8⁰.
839 3977 1054 4046 Conferatur:

646 4113 811 4194 Clio,sive
838 4116 880 4182 de
910 4116 1068 4198 Historia,
1092 4119 1135 4186 de
1158 4121 1325 4187 Laudibus
1352 4120 1523 4201 Historia,
1550 4136 1612 4188 ret
1633 4120 1764 4216 Dialogi
1794 4121 1853 4199 111,
1883 4139 1968 4190 auct.

599 4217 636 4287 F.
649 4221 679 4285 Ι.
696 4220 901 4289 nammatio.
916 4225 1096 4305 bruxellis,
1113 4225 1211 4313 1819,
1235 4227 1359 4307 in·8⁰.;
1376 4229 1556 4318 presertim
1574 4228 1656 4294 Dial.
1672 4229 1699 4292 1.

646 4379 695 4466 (a)
714 4379 789 4445 Vid.
811 4381 958 4470 lieglem.
982 4405 1026 4472 op
1046 4383 1088 4450 de
1109 4385 1268 4476 lnrigting
1291 4409 1349 4452 ran
1369 4386 1429 4452 het
1448 4387 1575 4478 hooger
1587 4386 1772 4475 Oudernijs
1794 4389 1829 4452 in
1844 4387 1886 4455 de
1900 4391 1966 4455 ani·

603 4485 723 4574 delijte
743 4486 836 4552 Prov.
858 4509 920 4556 van
941 4487 998 4569 het
1016 4489 1215 4580 Koningsijk
1239 4493 1300 4561 der
1319 4490 1566 4574 Nederltnden,
1583 4509 1641 4563 art.
1659 4493 1703 4562 26
1720 4510 1767 4583 sq.
1785 4493 1925 4571 ὕοι-64.
