4509 5875
592 643 841 718 uasrousro
866 645 929 715 ιιι
950 645 1115 735 oonst.
1140 643 1280 716 ιιιιιιιι.
1567 644 1615 732 ιι

256 833 272 934 l
281 829 471 936 ponimus
490 842 624 914 autem
635 827 1010 930 contractumunde
1024 827 1167 908 titulus
1182 825 1614 909 dominiitranslativus

254 949 426 1047 oriatur)
444 959 492 1022 ιιι
505 969 612 1044 ecoe,
632 942 666 1020 si
685 942 749 1022 lox
767 945 1014 1050 emptionem
1031 938 1312 1023 venditionem
1333 945 1376 1021 in
1397 952 1477 1056 qud
1497 949 1616 1032 dolus
1704 1037 1709 1046 ¹

251 1067 427 1166 venerit,
446 1061 597 1142 nullam
626 1057 829 1161 deliniret,
854 1062 984 1170 (quod
1004 1089 1088 1140 non
1117 1080 1197 1161 est,
1214 1062 1287 1142 sed
1308 1092 1392 1143 esse
1411 1071 1616 1174 ponimus)

251 1200 358 1268 etex
376 1184 443 1266 tali
464 1182 695 1262 venditione
715 1180 826 1258 nulli
855 1197 920 1258 res
940 1180 1103 1260 vendita
1120 1180 1323 1286 tradatur,
1347 1183 1526 1267 'dicimus
1555 1191 1616 1270 rei

247 1307 404 1388 traditae
424 1305 652 1390 dominium
668 1301 872 1383 transferri
900 1305 1084 1416 quamvis
1114 1305 1267 1412 emptio
1292 1303 1477 1386 venditio
1506 1307 1618 1386 nulla

246 1431 312 1509 sit.
333 1431 489 1510 Scimus
509 1426 676 1538 quidem
695 1427 900 1508 sententia
917 1425 1012 1507 huic
1031 1443 1179 1507 nostrae
1205 1454 1329 1537 quam
1355 1431 1529 1508 maxime
1546 1427 1618 1506 ad

248 1553 398 1632 versari
427 1553 642 1652 Hormos,
686 1548 759 1630 sed
784 1549 897 1628 litem
929 1577 1021 1629 cum
1043 1552 1133 1655 ipso
1160 1548 1238 1674 laeti
1276 1551 1553 1657 aggredimur,
1578 1566 1617 1631 et

247 1672 422 1750 victores
444 1669 520 1776 ipsi
542 1693 617 1746 uos
642 1669 849 1774 superlore
877 1692 1113 1776 speramus.

300 1788 412 1892 Quid
438 1796 564 1898 porro
583 1789 690 1896 leges
708 1801 851 1898 praeter
868 1789 1133 1869 transferendi
1161 1795 1200 1868 e't
1221 1762 1462 1901 acquirendi
1487 1791 1618 1871 domi-

246 1913 365 1992 nium
395 1911 645 1992 voluntatem
665 1917 708 1993 et
719 1919 981 2020 potestatem,
1010 1913 1151 2021 reique
1168 1911 1429 1991 traditionem
1459 1910 1616 1992 deside-

246 2052 359 2136 rant,
383 2054 430 2115 ιιι
457 2035 684 2116 dominium
707 2063 765 2116 rer
754 2035 942 2116 traditae
963 2029 1251 2114 transferatur?
1277 2033 1399 2113 Nihil.
1420 2034 1615 2145 Itaque
1582 2060 1617 2114 ιι

247 2155 438 2236 voluntas
463 2156 566 2236 adsit
594 2175 635 2238 et
651 2164 845 2267 potestas,
866 2175 955 2236 turn
974 2159 1094 2236 etiam
1111 2154 1276 2235 traditio
1302 2155 1516 2237 subsecuta
1530 2154 1618 2234 iire-

244 2278 319 2354 rit·
310 2280 434 2387 ,quis
449 2278 635 2372 dubitet
649 2279 880 2368 dominium
901 2280 1020 2370 fuisse
1038 2278 1302 2359 translatum?
1317 2279 1402 2360 Neo
1420 2276 1526 2356 ullus
1546 2277 1618 2386 qui

244 2396 370 2496 dicet,
395 2374 643 2473 voluntatem
664 2415 748 2466 non
770 2386 906 2468 adesse
924 2387 998 2467 nbi
1017 2386 1287 2490 dolus‘adest,
1304 2419 1400 2468 nam
1427 2427 1501 2502 qm
1488 2396 1617 2478 dolo

241 2531 386 2623 captus
403 2541 490 2592 rem
508 2539 622 2591 suam
629 2509 813 2591 vendidit
821 2530 862 2591 et
871 2509 1038 2592 tradidit
1046 2510 1277 2618 ignorabat
1290 2510 1431 2591 dolum
1440 2509 1620 2623 subesse,

130 2657 137 2672 ·
240 2651 286 2717 et
304 2633 581 2717 venditionem
600 2632 772 2714 validam
795 2633 979 2750 putabat,
998 2634 1198 2748 adeoque
1207 2611 1459 2715 voluntatem
1476 2635 1620 2716 habuit

241 2757 416 2841 dominii
433 2751 708 2840 transferendi
723 2751 803 2837 Sed
814 2755 954 2866 objicit
962 2757 1168 2856 Huberus
1180 2758 1344 2856 titulum
1361 2758 1520 2841 nullum
1532 2788 1617 2841 essa

238 2887 329 2995 'quo
349 2882 586 2964 dominium
590 2878 826 2962 translatum
841 2863 1109 2990 intelligatur,
1126 2910 1160 2961 s1
1150 2877 1346 2995 quidem
1360 2884 1512 2995 emptio
1527 2908 1619 2963 ven·

240 3004 347 3086 ditio
381 3010 433 3086 sit
461 3005 580 3086 nulla
601 3004 681 3086 Sed
700 3005 781 3083 huo
802 3002 1013 3085 referimus
1034 3033 1136 3116 quaa
1156 3015 1270 3083 autea
1292 3004 1412 3086 latius
1445 3006 1619 3113 explica·

240 3110 397 3219 vinitio,
413 3108 579 3198 t'itulrim
597 3103 763 3227 quidem
781 3144 804 3195 a
823 3115 945 3225 parte
953 3144 1012 3196 rer
1000 3103 1376 3202 'subsistentem
1337 3139 1424 3200 non
1441 3127 1616 3201 interve-

240 3248 426 3346 nisse,ast
434 3238 599 3321 troilum
609 3238 748 3333 saltem
757 3240 987 3351 putat1vum
996 3239 1146 3347 adesse,
1154 3239 1343 3353 huncque
1353 3237 1618 3324 sufficientem

240 3352 299 3447 ad
328 3362 500 3445 dominii
526 3361 838 3442 translationem.
849 3361 1061 3502 Illudque
1088 3364 1298 3444 confirmat
1323 3365 1462 3446 titulus
1487 3367 1618 3444 omnis

243 3488 298 3568 de
320 3484 578 3565 condictione
598 3480 799 3561 indebiti·
790 3478 877 3581 ,rei
899 3487 1008 3564 enim
1033 3484 1151 3565 etiam
1168 3477 1355 3569 indebite
1380 3466 1522 3568 solutae
1540 3484 1617 3567 do·
1683 3541 1687 3546 ,

240 3610 417 3692 niinium
439 3544 897 3749 transfertur,quamvis
915 3603 1043 3689 nulla
1041 3592 1322 3714 causasubsit,
1343 3610 1396 3689 ob
1409 3636 1531 3722 quam
1552 3605 1615 3686 do
1706 3678 1710 3681 .
1741 3660 1744 3664 -

241 3712 339 3849 beat
364 3732 545 3833 solvens,
575 3725 646 3811 sed
665 3732 760 3843 quia
788 3761 837 3813 se
853 3729 906 3813 ob
928 3760 1084 3813 causam
1106 3732 1283 3848 aliquam
1308 3672 1457 3813 debere
1479 3726 1613 3808 existi·

241 3860 337 3935 mat.
356 3856 441 3935 Nec
463 3856 548 3935 ullo
570 3852 694 3935 modo
719 3853 876 3935 admitti
906 3870 1056 3973 potest,
1078 3856 1287 3971 quinimo
1321 3882 1395 3934 nec
1401 3843 1614 3957 intelligi,
1633 3945 1636 3952 1

239 3976 378 4174 'fquod
386 3976 576 4057 Huberus
604 3974 764 4085 adjicit,
784 3968 885 4058 ideo
916 3981 975 4059 rei
1001 3964 1182 4059 indebite
1214 3956 1356 4058 solutor
1385 3974 1613 4056 dominium

242 4096 473 4199 transferri,
493 4100 588 4210 qnia
614 4098 753 4182 saltem
777 4101 920 4183 solutio
945 4102 1073 4185 valida
1094 4119 1168 4206 est,
1193 4102 1305 4183 ubi
1292 4132 1337 4183 ιιι
1363 4102 1496 4209 speeie
1513 4122 1609 4174 con-

242 4236 399 4303 tractus
418 4220 662 4327 supponitur
688 4249 773 4303 esse
796 4226 942 4307 nullus:
965 4228 1126 4309 Etenim
1145 4164 1197 4307 de
1218 4224 1420 4307 solutione
1437 4216 1610 4311 indebiti

243 4344 389 4453 utique
416 4341 496 4423 dici
517 4345 792 4454 potest,quod
810 4347 922 4425 nulla
942 4368 1059 4429 causa
1071 4351 1141 4449 sit,
1156 4348 1345 4455 obquam
1363 4342 1512 4422 solutio
1528 4340 1610 4437 fiat,

251 4481 447 4547 ettamen
473 4466 532 4544 rei
559 4464 700 4546 solutae
731 4465 958 4546 dominium
985 4468 1240 4575 transfertur,
1268 4462 1610 4643 quamnqlmodum
