4509 5875
708 613 1003 705 annonarum
1025 610 1262 719 amonuit.
1600 610 1649 683 aa

334 794 499 885 Jecom,
531 790 674 871 Jelom
700 793 773 900 (h.
799 792 942 875 Jeolrer
968 820 997 871 s.
1019 792 1133 894 laar)
1156 788 1393 871 Hasbanniae
1419 789 1596 892 rivulus,
1624 819 1649 871 a

281 912 450 993 meridie
468 911 519 993 ad
540 912 706 993 boream
724 942 797 1020 per
817 919 1006 1023 Tungros
1022 913 1136 1023 juxta
1159 912 1389 1021 Trajeotum
1407 912 1459 994 ad
1477 915 1651 1016 Mosam,
1716 996 1720 1002 ,

280 1036 323 1112 in
343 1034 420 1114 boo
440 1034 591 1114 flumen
606 1052 805 1143 properat.

326 1243 511 1321 Maurum
530 1240 584 1348 (b
604 1240 644 1321 la
665 1240 863 1346 Mebaine)
888 1206 1078 1323 fluviolus
1107 1243 1350 1324 Damoiineia
1376 1245 1490 1351 pagi,
1512 1272 1536 1322 a
1562 1272 1651 1326 me·

274 1362 375 1443 ridie
411 1365 456 1443 in
487 1364 656 1452 boream
692 1381 732 1445 et
767 1390 863 1445 mox
900 1367 944 1445 in
976 1382 1112 1447 ortum
1125 1425 1130 1433 -
1143 1382 1316 1468 tractus,
1351 1363 1424 1445 ubi
1459 1364 1567 1445 bunc
1596 1367 1647 1446 ab

272 1484 500 1687 fflgppd}
508 1504 683 1713 apparat,
692 1503 846 1597 atquea
860 1488 975 1569 Mosa
983 1489 1202 1594 ancipitum
1215 1488 1387 1593 piscium
1403 1485 1655 1569 abundantia

324 1815 466 1917 Mosa,
489 1815 629 1907 Maus,
663 1814 794 1908 Moos,
825 1816 978 1897 Manae
993 1813 1053 1922 (la
1082 1816 1237 1915 Mauso,
1265 1815 1317 1895 de
1343 1816 1490 1920 masa)
1515 1818 1645 1897 maxi·

271 1963 385 2017 mum
396 1937 520 2017 totius
533 1938 708 2043 regionis
726 1935 899 2039 flumen,
913 1938 1159 2045 navigationi
1173 1936 1561 2048 aptissimum‚quod
1581 1937 1644 2023 hie

270 2058 451 2142 versibus
467 2058 602 2139 laudat
617 2062 864 2141 Fortunatis
876 2060 1089 2169 presbyter
1100 2060 1378 2167 adGogonem
1387 2061 1589 2167 scribens(
1615 2060 1641 2163 ).

386 2274 447 2329 Aut
467 2274 552 2331 Mota
571 2271 658 2329 dulce
676 2289 798 2347 torano,
814 2290 873 2349 quo
893 2290 973 2351 grat,
996 2290 1103 2349 ganza,
1118 2290 1217 2344 anter,
1234 2273 1359 2349 olorque
1374 2281 1432 2343 est,

527 2364 648 2443 Triplici
661 2384 755 2425 merce
769 2367 866 2439 ferax,
884 2368 966 2441 alite,
980 2369 1074 2447 pisce,
1084 2380 1155 2427 rate.

322 2543 583 2625 Commerciis
612 2548 771 2629 celebre
798 2577 843 2630 ac
872 2531 1070 2659 pagorum
1106 2532 1291 2629 omnium
1318 2562 1551 2627 nostrorum
1571 2571 1639 2623 oo·

267 2663 474 2747 cidentelis
498 2667 614 2747 limes
634 2686 702 2749 est.

318 2874 461 2952 Oritur
481 2898 530 2952 ex
549 2894 688 2952 monte
715 2880 892 2980 vosego,
918 2893 966 2954 ut
989 2880 1111 2956 divus·
1137 2875 1261 2958 tradit
1282 2874 1412 2958 Julius
1434 2875 1512 2984 (3),
1538 2878 1636 2958 Lin-

266 3020 421 3099 gonum
438 3011 536 3076 tunc
554 2996 749 3102 temporis
776 3023 826 3077 ex
850 2995 1014 3098 limbus,
1035 3024 1121 3077 non
1143 2996 1263 3102 longe
1284 3024 1308 3086 a
1332 2998 1516 3078 lontibus
1531 2999 1636 3082 duo·

265 3143 357 3196 rum
374 3116 579 3198 nobilium
599 3116 836 3220 fluminum,
851 3119 986 3200 Araris
1000 3135 1041 3198 et
1055 3121 1248 3200 Matronae
1266 3119 1394 3226 (4),oe
1409 3120 1453 3199 in
1471 3118 1636 3200 boream

265 3237 464 3343 defluens,
491 3240 573 3348 jam
600 3237 821 3346 navigabile
849 3241 900 3320 ab
939 3239 1035 3322 inde
1062 3243 1110 3322 D.
1147 3240 1426 3322 Theodebaldi·
1460 3239 1635 3350 oppido,

264 3359 481 3469 Campania
493 3360 647 3466 relicta,
664 3389 815 3470 pagum
833 3349 1018 3443 nostrum
1030 3366 1316 3445 Lomacensem
1326 3367 1457 3474 primo
1474 3363 1635 3444 lambit:

265 3497 379 3583 tum,
402 3482 524 3563 undis
542 3481 766 3564 Sambrinis
802 3512 1045 3600 magnopere
1068 3487 1307 3591 adauctum,
1322 3490 1367 3568 in
1395 3487 1631 3567 orientalem

261 3602 427 3683 boream
456 3630 530 3713 per
553 3605 822 3688 Hasbanniam
849 3609 948 3712 exit,
971 3636 1118 3717 pagum
1144 3608 1325 3688 Maeaviae
1352 3607 1629 3718 praetergredi·

260 3743 327 3806 tur
352 3743 474 3836 atque
500 3729 544 3808 in
565 3727 814 3810 occidentem
840 3730 891 3812 ad
915 3731 1076 3812 Vahalis
1101 3736 1193 3839 (seu
1216 3731 1347 3836 Rheni
1367 3733 1514 3840 partis)
1532 3756 1629 3809 con-

256 3847 505 3955 junctionem
532 3853 737 3960 procedit,
769 3881 854 3964 quo
878 3853 1003 3937 fluvio
1034 3873 1196 3964 recepto
1220 3879 1376 3936 summa
1399 3856 1440 3934 vi
1464 3879 1507 3933 se
1527 3850 1627 3960 praess

302 4076 350 4164 (ι)
372 4077 407 4140 Ρ.
423 4080 448 4142 J.
466 4078 622 4158 llantur,
638 4083 824 4152 Commeat.
838 4083 881 4152 de
899 4083 1072 4175 praecipuis
1085 4085 1172 4173 Belg.
1183 4082 1309 4163 fluviis,
1324 4107 1355 4174 p.
1370 4080 1420 4148 58.
1510 4056 1514 4065 Ι

303 4214 351 4300 (a)
375 4215 443 4279 Lib.
459 4217 596 4294 v111,v.
617 4241 653 4282 rr
675 4243 744 4310 sqq.
761 4224 849 4314 apud
864 4227 1102 4303 Bouoounrrnrr
1118 4230 1158 4291 ll.
1177 4223 1251 4291 512.

301 4353 350 4442 (3)
372 4357 421 4420 De
438 4357 473 4419 B.
498 4355 579 4422 Gall.
596 4358 695 4435 lV,o.
715 4381 764 4425 ro.
1193 4356 1197 4361 ⁴

303 4491 351 4580 (l)
374 4493 607 4600 Garunnam,
622 4495 760 4589 descrip.
778 4499 819 4570 de
837 4501 867 4566 la
879 4503 1030 4595 Belga-p.
1041 4506 1093 4573 ab.
