4509 5875
620 659 666 732 so
852 657 1099 730 GUILIELMI
1122 656 1222 726 CAR.
1247 657 1365 728 vtcr
1390 658 1487 729 vsu
1510 657 1605 728 DEN
1629 657 1750 729 nam

669 837 751 920 Sed
772 863 822 917 ex
844 864 894 916 eo
920 839 1032 946 ipso,
1053 837 1200 948 quod
1184 856 1316 946 justus
1337 837 1478 918 titulus
1502 837 1554 918 ad
1577 838 1828 918 voluntatem
1849 844 1983 950 requi-

617 977 730 1040 ratur
739 961 971 1069 ,sequitur,
992 961 1152 1040 nullum
1172 987 1258 1042 esse
1277 961 1512 1058 discrimen,
1532 979 1672 1041 utrum
1690 958 1831 1041 titulus
1849 960 1916 1042 hic
1934 989 1990 1039 re-

616 1083 712 1162 veri
736 1085 977 1192 praecesserit
1003 1109 1066 1160 an
1084 1085 1277 1188 opinione
1303 1084 1653 1186 contrahentium,
1679 1099 1817 1162 utrum
1846 1082 1990 1164 titulus

520 1239 523 1246 ·
617 1204 682 1284 hic
710 1207 839 1312 reipsa
860 1205 999 1284 existat
1018 1229 1071 1282 an
1097 1206 1150 1284 sit
1172 1208 1377 1312 putativus
1396 1207 1465 1312 (ι)
1483 1221 1663 1300 tantum;
1700 1206 1852 1284 etenim
1872 1231 1991 1285 men·

613 1342 696 1404 tem
719 1341 897 1405 nostram
925 1354 1041 1437 aeque
1067 1325 1162 1407 lalsa
1193 1353 1310 1406 causa
1336 1345 1473 1408 movet
1502 1350 1682 1426 severa,
1709 1353 1822 1436 aeque
1842 1328 1988 1407 titulus

614 1447 819 1554 putativus
840 1474 886 1525 ac
907 1447 1051 1528 titulus
1076 1475 1126 1526 ex
1145 1465 1257 1552 parte
1280 1452 1339 1524 rei
1358 1449 1542 1526 existens.
1566 1451 1618 1529 Et
1639 1449 1719 1529 hoc
1736 1451 1872 1554 ipsum
1889 1475 1988 1529 con·

614 1566 749 1648 firmat
771 1584 882 1647 totus
905 1567 956 1646 de
980 1565 1239 1646 condictione
1260 1564 1434 1649 indebiti
1454 1566 1596 1645 titulus
1614 1566 1682 1673 (a).

668 1791 792 1904 Sequi
817 1820 866 1874 ex
890 1819 940 1874 eo
958 1817 1125 1904 quoque
1145 1789 1325 1891 videtur,
1347 1819 1492 1902 parum
1514 1791 1989 1901 discriminisintcresse,

615 1941 666 1993 an
687 1915 807 1994 titulo
822 1943 906 1994 uno
927 1915 1028 1996 alius
1048 1915 1183 1996 tradat
1201 1914 1316 2025 quod
1333 1915 1435 1995 alius
1460 1916 1539 1997 alio
1561 1918 1721 2025 accipit,
1740 1916 1868 1998 modo
1885 1934 1991 1997 uter·

615 2063 696 2145 que
725 2035 880 2116 titulus
895 2039 948 2118 sit
979 2037 1152 2119 dominii
1177 2037 1453 2138 translativum
1480 2067 1574 2120 cnm
1602 2067 1652 2120 cx
1674 2041 1848 2148 utraque
1871 2056 1990 2145 parte

614 2157 657 2238 id
678 2159 827 2265 pariter
849 2171 1010 2262 agatur,
1031 2173 1079 2235 ut
1098 2159 1329 2234 dominium
1344 2161 1628 2257 transferatur,
1647 2156 1831 2266 adeoque
1850 2157 1992 2238 volun·

615 2295 674 2359 tas
703 2278 876 2358 dominii
899 2276 1166 2358 transferendi
1186 2278 1231 2355 in
1251 2275 1438 2358 tradente
1456 2279 1524 2379 sit,
1548 2277 1786 2387 acquirendi
1813 2278 1916 2360 illud
1945 2281 1993 2360 in

618 2401 860 2509 accipiente;
883 2399 1010 2481 veluti
1031 2401 1064 2480 si
1089 2400 1166 2480 tibi
1187 2398 1345 2480 tradam
1364 2400 1540 2481 fundum
1563 2417 1758 2511 tanquam
1780 2429 1804 2482 a
1834 2428 1901 2483 me
1919 2401 1994 2482 de-

615 2521 749 2602 bitum
777 2549 827 2601 ex
854 2539 1121 2627 testamento,
1148 2539 1195 2602 tu
1220 2525 1335 2634 quasi
1367 2551 1417 2604 ex
1446 2523 1639 2632 stipulatu
1673 2523 1859 2604 debitum
1887 2526 1993 2604 acci-

615 2645 720 2752 pias,
755 2645 820 2725 vel
848 2646 882 2724 si
916 2671 992 2752 ego
1019 2645 1094 2724 tibi
1118 2643 1277 2726 tradam
1304 2647 1520 2754 pecuniam
1551 2643 1730 2725 donandi
1755 2647 1918 2749 animo,
1945 2662 1995 2724 tu

616 2766 785 2874 accipias
808 2769 922 2878 quasi
950 2766 1143 2848 creditam
1169 2765 1237 2876 (3).
1266 2765 1395 2876 ldque
1418 2771 1607 2850 Junrauus
1627 2766 1869 2873 generaliter
1890 2795 1995 2876 pro-

613 2883 735 2967 batin
746 2889 788 2969 L.
802 2887 853 2969 36
865 2887 904 2967 ll.
918 2889 970 2969 de
988 2918 1070 2994 aeq.
1086 2889 1282 2967 rendam.
1298 2891 1472 2971 Videtur
1479 2907 1617 2972 autem
1630 2890 1821 2973 aluliano
1835 2889 1994 2972 dissen-

614 3010 692 3087 tire
715 3011 914 3089 Unruuns
942 3008 987 3085 in
1009 3008 1141 3113 specie
1168 3007 1403 3112 posteriori,
1429 3034 1523 3086 cum
1545 3016 1765 3113 ¹pecuniam
1795 3014 1872 3095 tibi
1897 3012 1993 3093 dadi

616 3129 733 3238 quasi
749 3128 995 3228 donaturus,
1008 3144 1054 3207 tu
1070 3128 1187 3239 quasi
1199 3142 1382 3205 mutuam
1392 3128 1597 3233 accepisti,
1609 3128 1655 3204 in
1666 3129 1709 3205 L
1727 3126 1774 3209 18
1785 3124 1825 3206 ll.
1845 3128 1898 3209 de
1908 3128 1995 3211 reb,

617 3250 736 3332 cred..
756 3252 938 3335 Primum
955 3265 1097 3358 negat,
1119 3250 1185 3330 hic
1208 3277 1295 3330 esse
1320 3248 1597 3347 donationem3
1615 3250 1689 3330 sed
1707 3250 1787 3330 hoc
1804 3254 1925 3336 etiam
1943 3282 1996 3335 ex

617 3374 816 3454 sententia
839 3374 1008 3480 Juliani,
1034 3400 1127 3455 cum
1148 3375 1362 3483 pecuniam
1384 3390 1581 3483 tanquam
1607 3373 1801 3454 donatam
1829 3404 1993 3485 accepe-

617 3499 682 3577 ris.
705 3496 862 3579 Deinde
883 3502 954 3599 ait,
975 3525 1051 3578 nec
1071 3515 1263 3578 mutuum
1282 3524 1382 3595 esse;
1403 3496 1475 3577 sed
1487 3481 1590 3575 illud
1607 3497 1790 3578 Julianus
1808 3527 1989 3609 quoque,

617 3622 716 3730 quia
745 3638 886 3703 mutuo
914 3623 1086 3731 pecunia
1108 3622 1184 3701 tibi
1209 3619 1301 3700 data
1329 3645 1414 3699 non
1441 3635 1510 3699 est.
1534 3617 1612 3715 Sed
1633 3621 1747 3728 quod
1764 3638 1904 3727 postea
1924 3619 1988 3698 di·

619 3743 674 3821 cit
694 3770 703 3819 :
725 3774 745 3817 a
764 3748 973 3853 nmgr'sque
991 3772 1174 3825 nummos
1198 3746 1430 3851 accipientis
1458 3771 1539 3821 non
1557 3742 1669 3847 fieri,
1693 3774 1715 3816 a
1735 3743 1777 3819 in
1799 3768 1848 3821 eo
1870 3740 1984 3821 dixe·

620 3864 698 3967 ris,
716 3892 811 3946 eum
830 3865 1024 3947 dissidere
1038 3895 1062 3946 a
1074 3866 1237 3967 iuliano
1256 3866 1328 3975 qui
1340 3863 1577 3971 generaliter
1593 3861 1750 3963 delinit,
1763 3860 1991 3941 dissensum

662 4083 711 4172 (ι)
733 4090 880 4157 Verbum
902 4091 969 4158 hoo
989 4092 1232 4159 commoditatis
1254 4094 1358 4183 gratia
1385 4094 1570 4183 posuimus,
1589 4092 1738 4182 quamvis
1753 4085 1990 4179 improprium,

621 4186 803 4277 siquidem,
820 4197 879 4260 ubi
897 4198 1007 4264 nullus
1029 4220 1069 4262 ax
1086 4211 1177 4287 parte
1192 4198 1242 4261 rei
1258 4198 1374 4263 titulus
1392 4200 1523 4282 subest,
1540 4198 1598 4266 hic
1613 4196 1725 4289 potius
1739 4194 1875 4264 titulum
1889 4196 1990 4260 abesse

621 4291 801 4361 dicendum
815 4313 862 4361 ast
875 4322 974 4387 quam
989 4302 1099 4369 adessa
1114 4301 1248 4367 titulum
1263 4302 1459 4391 putativum.

667 4416 716 4507 (a)
738 4414 879 4483 Vmerus
896 4422 1032 4491 adluat
1051 4424 1113 4491 lib.
1136 4446 1173 4505 2,
1196 4426 1247 4492 tit
1266 4448 1302 4503 ι,
1327 4428 1414 4504 Μο.

666 4541 715 4628 (3)
737 4542 878 4613 anrns
900 4540 974 4607 eod.
991 4546 1107 4615 Roasa
1122 4548 1165 4614 ad
1178 4548 1253 4614 lnst
1271 4548 1315 4616 de
1330 4548 1413 4616 trad.
