4509 5875
641 676 686 723 ,ο
763 671 771 699 s
972 652 1470 725 rosuursssrrrsrs
1491 651 1664 725 uorrs
1851 599 1858 618 ’

640 849 879 929 substantias
894 865 936 929 et
951 848 1234 957 phaenomena,
1252 868 1373 961 atque
1393 848 1584 955 analogias
1600 865 1642 929 et
1662 846 1906 931 inductionis
1923 862 1999 958 op's

521 964 528 975 ’
639 998 689 1050 ex
706 968 852 1049 iisdem
868 970 920 1051 ad
940 971 1139 1076 generalia
1160 972 1401 1053 concludere
1421 972 1559 1079 sicque
1583 986 1737 1049 naturae
1755 969 1864 1076 leges
1883 970 2002 1049 stubi·

638 1091 715 1171 lire
741 1118 910 1200 scopum
940 1118 1026 1173 esse
1054 1118 1177 1199 quem
1205 1092 1389 1199 physices
1418 1088 1622 1173 studiosus
1644 1091 1724 1173 sibi
1751 1093 2006 1200 propositum

638 1212 785 1295 habere
804 1212 959 1292 debeat

690 1441 772 1522 Sed
780 1441 891 1519 huuc
908 1464 1078 1546 scopum
1099 1468 1152 1517 an
1169 1446 1215 1518 in
1234 1439 1431 1521 omuibus.
1442 1456 1482 1519 et
1499 1440 1708 1546 quomodo
1728 1444 1925 1547 attingere
1937 1466 2008 1549 po-

637 1563 734 1641 terit
756 1561 939 1667 physices
958 1559 1191 1639 studiosus?
1215 1560 1400 1637 Diximus
1426 1586 1590 1637 omnem
1615 1560 1826 1664 Physicam
1851 1564 2010 1668 experi-

639 1681 859 1763 mentalem
875 1708 961 1761 esse
982 1682 1212 1779 seientiam,
1230 1707 1316 1759 non
1335 1678 1452 1789 quod
1469 1678 1770 1775 observationes
1789 1699 1830 1763 et
1852 1686 2011 1791 experi-

640 1820 779 1885 menta
790 1805 998 1884 scientiam
1007 1830 1080 1911 per
1090 1830 1133 1882 se
1142 1804 1388 1883 constituere
1401 1801 1574 1899 valeant,
1583 1800 1655 1881 sed
1669 1803 1764 1913 quia
1778 1805 1822 1883 in
1834 1804 2011 1911 physicis

641 1952 763 2005 omne
790 1926 1047 2004 ratiocinium
1065 1922 1117 2003 ab
1146 1922 1496 2003 observationibus
1517 1922 1731 2031 procedat3
1754 1926 1887 2034 iisque
1906 1927 2012 2006 inni.

641 2064 751 2129 tatur
774 2064 945 2155 oportet
962 2048 1098 2126 Primo
1117 2048 1243 2151 igitur
1264 2044 1492 2125 observatio
1519 2048 1594 2125 rite
1618 2047 1864 2127 instituenda
1882 2064 1946 2127 est
1972 2065 2014 2127 et

641 2171 756 2251 omni
786 2170 883 2249 cura
900 2167 1146 2271 cavendum,
1171 2196 1222 2249 ne
1251 2195 1345 2248 cum
1367 2167 1647 2247 observatione
1671 2171 1766 2249 vera
1786 2168 2012 2249 contunda-

642 2307 712 2371 tur
725 2289 924 2399 judicium
946 2289 1109 2382 falsum,
1135 2287 1388 2397 quodquam
1405 2287 1519 2365 facile
1537 2305 1578 2367 et
1595 2289 1831 2393 generaliter
1849 2290 1935 2390 fian
1957 2290 2011 2369 fa-

643 2413 795 2492 miliari
825 2429 884 2492 sat
914 2427 1069 2491 constat
1094 2408 1290 2517 exemplo.
1315 2407 1428 2510 Quid
1444 2402 1564 2487 'enim
1595 2410 1707 2488 omni
1731 2426 1842 2489 aetate
1870 2412 2016 2489 certius

643 2534 903 2613 observatum
927 2532 1174 2637 habebatur,
1195 2548 1235 2611 et
1252 2558 1361 2611 nunc
1386 2532 1505 2610 etiam
1533 2531 1635 2640 quid
1663 2534 1850 2611 certiusa
1876 2532 2018 2611 multi·
2085 2558 2088 2566 ·

642 2653 786 2733 tudine
815 2653 1107 2749 conclamatur,
1147 2680 1269 2761 quam
1297 2668 1445 2730 terram
1478 2652 1661 2731 absolute
1686 2656 1893 2763 quiescere
1925 2680 2018 2731 om-

565 2867 570 2875 ,
640 2778 790 2886 niaque
807 2802 977 2883 corpora
994 2774 1168 2855 coelestia
1189 2773 1319 2853 indies
1345 2774 1397 2853 ab
1426 2791 1519 2854 ortu
1552 2778 1596 2853 in
1620 2802 1806 2856 occasum
1831 2774 2019 2855 moveri?

643 2897 756 3008 quod
772 2914 907 2978 tamen
927 2922 1138 3006 nunquam
1160 2894 1417 2975 observatum
1436 2912 1504 2973 est.
1534 2899 1671 2974 Primo
1689 2898 1814 2993 igitur
1830 2914 2019 2978 accurate

641 3019 956 3101 discernendum
976 3015 1078 3122 quid
1094 3039 1190 3088 vere
1204 3015 1470 3105 observetur3
1498 3027 1748 3118 quapropter
1773 3015 1917 3125 siquis
1939 3017 2010 3099 de-

646 3159 784 3246 tegere
813 3136 910 3217 velit
933 3133 1086 3238 legem,
1107 3127 1331 3212 secuudum
1354 3154 1478 3240 quam
1506 3146 1621 3212 certa
1649 3130 2012 3243 phaemmenorum

646 3261 791 3342 classes
801 3254 1044 3366 procedunt,
1057 3251 1197 3335 eudem
1208 3250 1488 3360 phaenomena‚
1502 3252 1573 3332 uhi
1595 3253 1702 3359 licet,
1718 3259 1862 3368 saepius
1880 3247 2015 3370 repro-
2131 3343 2133 3350 ,

647 3377 836 3462 ducenda
850 3393 946 3458 sunt
965 3395 1008 3458 et
1027 3375 1105 3456 suh
1126 3376 1432 3456 circumstantiis
1453 3375 1570 3458 valde
1597 3375 1782 3480 diversis,
1805 3398 1847 3462 et
1866 3387 2015 3466 attenti

648 3519 784 3584 mente
803 3499 1118 3610 explorandum,
1139 3525 1325 3609 quaenam
1353 3499 1433 3578 sint
1459 3498 1686 3580 essentiales
1713 3499 1763 3582 ad
1786 3503 2013 3610 producen-

651 3626 752 3708 dum
767 3624 973 3722 ellectum,
992 3649 1176 3732 qtraenam
1197 3621 1307 3702 huuc
1324 3623 1523 3717 minuant,
1544 3645 1728 3728 quanam
1752 3642 1930 3726 augeant.
1949 3629 2012 3706 Ex

651 3747 885 3860 hujusmodi
904 3746 1255 3828 observationibus
1279 3742 1482 3825 conclusio
1501 3757 1615 3821 caute
1629 3759 1669 3820 et
1688 3741 1865 3848 legitime
1884 3743 2012 3828 dedu·

652 3872 779 3955 cenda
804 3888 880 3970 est,
897 3873 1036 3979 sicque
1053 3895 1195 3949 eruere
1214 3867 1366 3976 poterit
1396 3862 1527 3969 legem
1543 3863 1841 3972 hypotheticam
1874 3871 2011 3974 praeci·

654 4023 736 4104 pue
755 3994 1028 4076 harmonicam
1049 4017 1143 4072 cum
1162 3990 1249 4072 aliis
1268 4004 1421 4068 naturae
1439 3987 1596 4093 legibus
1613 3985 1694 4094 jam
1708 3989 1827 4068 notis.
1847 3989 1891 4069 Si
1908 3991 2015 4098 phae-

654 4143 827 4200 nomem
844 4115 987 4226 sepius
1008 4130 1261 4221 repetantur,
1282 4112 1397 4192 brevi
1415 4107 1772 4212 animadvertetur,
1791 4139 1844 4190 an
1862 4111 1930 4192 lex
1952 4113 2016 4200 illa

656 4237 913 4342 hypothetica
926 4228 1020 4323 vera
1034 4239 1086 4318 sit
1097 4263 1173 4316 nec
1187 4263 1255 4330 ne;
1267 4237 1301 4314 si
1314 4262 1411 4315 vero
1427 4235 1514 4343 ipsa
1524 4232 1788 4342 phaenomeuu
1805 4261 1882 4342 pro
1900 4235 2016 4316 libitu

656 4375 837 4468 repetere
856 4384 942 4439 non
961 4363 1096 4460 lioeat,
1114 4377 1291 4440 attamen
1313 4357 1409 4438 talia
1433 4359 1537 4461 sint,
1558 4375 1607 4438 ut
1631 4374 1783 4437 naturae
1806 4379 2011 4464 processus

655 4482 721 4564 illa
740 4477 882 4588 sapius
899 4483 1185 4590 reproducaut‚
1197 4484 1324 4564 etism
1341 4507 1556 4590 progressu
1573 4482 1769 4590 temporis
1780 4479 1875 4574 satis
1885 4479 2010 4572 decla·
