4509 5875
645 622 651 629 ’
708 640 1005 713 cuosmrurs
1028 638 1259 759 rseoauu
1620 636 1665 734 37

171 841 174 848 ’
303 834 431 897 terras
452 816 505 898 ad
530 817 848 903 internecionem
875 820 1121 927 redegerunt
1138 820 1202 925 (1).
1225 820 1328 923 Quis
1351 835 1485 899 autem
1509 832 1585 918 cst,
1602 816 1675 927 qui

300 940 635 1021 Nomaannorum
654 945 813 1049 rapinas
834 972 880 1025 ac
907 942 1032 1023 caedes
1056 959 1098 1023 et
1116 942 1301 1022 incendia
1324 944 1501 1049 ignoret,
1523 938 1675 1019 calami·
1743 946 1744 951 ‘

301 1078 483 1171 talesque
508 1064 640 1142 omnis
667 1066 825 1169 generis
847 1092 921 1171 per
947 1064 1088 1144 saecula
1109 1064 1372 1171 perdurantes
1400 1064 1484 1169 (a)l
1505 1064 1666 1145 Nomen

303 1182 446 1264 efferre
463 1185 557 1275 satis
567 1202 646 1289 est,
659 1212 744 1295 quo
756 1184 980 1265 hodienum
999 1187 1124 1264 animi
1140 1186 1361 1293 legentium
1380 1188 1669 1293 percutiantur.

356 1555 431 1636 His
457 1570 594 1635 autem
618 1554 923 1663 tempestatibus
960 1581 1045 1633 uon
1073 1580 1168 1660 ager
1202 1550 1328 1633 modo
1364 1556 1676 1663 (augendorum
1725 1646 1729 1653 ,

305 1678 521 1757 hominum
556 1675 742 1757 absoluta
781 1675 990 1780 conditio)
1024 1675 1324 1775 devastabatur,
1369 1675 1440 1758 scd
1479 1678 1674 1759 immensa

306 1799 427 1881 simul
442 1799 656 1879 hominurn
673 1800 790 1908 copia
807 1826 902 1879 ense
915 1798 1093 1880 bostium
1109 1798 1331 1881 delebatur.
1351 1800 1457 1880 Hinc
1476 1799 1529 1880 ad
1546 1828 1677 1911 usque

307 1921 497 2003 saeculum
515 1920 639 2001 ferme
659 1920 921 2002 undecimum
948 1920 1134 2002 homiues
1157 1920 1366 2031 paullatim
1389 1918 1440 2001 ad
1460 1922 1678 2029 pristinum

227 2120 235 2132 .
307 2043 550 2125 adscendere
576 2043 1123 2153 splendoremconabantur,
1143 2072 1228 2155 quo
1251 2042 1371 2123 facies
1388 2070 1526 2133 rerum
1549 2043 1676 2123 laetior

308 2164 449 2270 fiebat,
470 2168 712 2247 monasteria
740 2165 1030 2278 frequentiora,
1053 2164 1227 2246 eeclesiae
1249 2164 1463 2273 collegiata
1482 2191 1677 2247 numero·

308 2290 453 2394 siores,
475 2288 670 2369 ditiorum
689 2288 904 2369 bominum
921 2292 967 2370 ao
988 2288 1192 2370 nobilium
1214 2299 1343 2369 cotun
1361 2289 1406 2368 in
1423 2290 1579 2369 munita
1602 2314 1677 2397 op·
1806 2302 1812 2311 '
1906 2302 1908 2309 '

307 2408 421 2519 pide,
440 2411 551 2492 uude
571 2439 595 2492 e
612 2411 816 2494 moenibus
833 2414 996 2495 structis
1019 2428 1160 2493 contra
1180 2411 1315 2493 hostes
1332 2438 1375 2493 se
1395 2409 1677 2492 defendebant.

309 2533 528 2615 Civitatum
559 2536 675 2643 origo
704 2564 750 2616 ao
787 2537 958 2641 civium,
986 2537 1310 2646 commerciaque
1330 2534 1506 2614 eliberit
1531 2534 1678 2625 civibus

308 2657 476 2763 proprio
498 2658 625 2737 Marte
650 2676 756 2755 acta3
780 2686 971 2765 agrorum
994 2658 1127 2739 cultus
1151 2673 1376 2765 reputatus„
1402 2683 1480 2765 pax
1493 2655 1678 2761 longior,

309 2795 412 2859 artes
434 2778 579 2864 florere
604 2797 742 2891 coeptae
761 2811 770 2860 :
789 2809 879 2891 qum
899 2780 1021 2863 simul
1039 2782 1177 2861 omnia
1194 2780 1410 2859 hominum
1429 2776 1586 2883 copiam
1603 2776 1681 2857 mi-
1793 2846 1796 2851 .

310 2900 429 2980 rabili
457 2895 583 2976 modo
605 2901 831 3010 augebant..
842 2897 1029 2975 Attamen
1049 2921 1193 2976 eornm
1211 2922 1410 2978 uumerus
1429 2896 1537 2979 illius
1554 2898 1681 2980 etatis

306 3050 365 3124 ,ne
385 3037 535 3131 quartae
556 3017 725 3128 quidem
742 3019 846 3124 parti
864 3017 969 3125 ejus,
986 3018 1059 3126 qui
1077 3016 1199 3096 hodie
1217 3023 1531 3125 est,.comparari
1549 3031 1682 3128 posse,

313 3143 427 3224 facile
462 3169 511 3222 ex
544 3139 729 3221 adductis
762 3141 807 3218 in
840 3138 953 3247 pagis
980 3139 1129 3219 nostris
1148 3137 1254 3220 villis
1272 3143 1287 3248 (
1303 3130 1395 3250 qut'e
1419 3141 1585 3250 insuper
1605 3170 1680 3222 uec

315 3267 528 3347 hominum
546 3263 795 3373 frequentia,
812 3289 889 3342 neo
914 3277 1030 3342 terrae
1049 3262 1283 3344 extensione
1303 3279 1462 3346 nostros
1488 3265 1598 3346 ticos
1615 3291 1680 3346 re-
1836 3374 1840 3382 ‚

311 3387 520 3490 ferebant)
553 3385 706 3494 conjici
717 3400 860 3493 potest.

894 3519 922 3616 §
946 3515 1093 3595 xxlv.

182 3787 186 3799 ,
330 3826 334 3830 Α
369 3720 560 3803 Ceterum
585 3717 651 3798 vel
672 3718 717 3797 in
735 3715 810 3796 hac
830 3741 875 3794 re
904 3715 1053 3823 primas
1074 3730 1205 3823 partes
1222 3714 1527 3798 Braclbotemas
1544 3733 1681 3800 noster

313 3840 1068 3952 agit,cuiseoundus‚estHannogavio‚
1082 3838 1591 3949 quemcxoipitbomiuum
1603 3869 1680 3922 uu·

315 3991 429 4046 mero
468 3966 717 4045 Hasbannia
729 3993 745 4058 ,·
775 3962 876 4043 dnm
909 3963 1003 4070 pagi
1041 3961 1389 4070 septentrionales,
1419 3962 1682 4068 Tutanum,

321 4087 521 4194 Ottingt‘o,
542 4085 765 4167 Scaldemis
781 4102 822 4166 et
836 4085 1020 4166 Masovt'a
1034 4101 1202 4194 propter
1216 4101 1365 4166 naturae
1377 4084 1553 4166 sterilem
1565 4087 1681 4166 istam
1778 4151 1784 4161 .

316 4207 561 4316 rigiditatem
568 4209 775 4317 spatiaque
783 4207 988 4315 pallustria
996 4205 1459 4317 paucioresmodovillas
1478 4205 1677 4288 exhibent.

362 4420 412 4509 (r)
434 4420 475 4485 Ι).
497 4419 734 4497 Hunnorum,
750 4417 809 4506 Ep.
824 4417 884 4484 11.

365 4576 414 4665 (a)
434 4576 510 4646 Vid.
525 4577 679 4644 Parnon.
694 4574 838 4643 Annales
851 4572 893 4640 ad
907 4595 981 4640 auu.
1001 4565 1065 4662 873
1082 4595 1152 4663 sqq.
