4509 5875
589 680 634 775 78
981 677 1149 747 cauom
1173 676 1368 748 suumn
1393 677 1564 748 latetur

585 860 768 967 Trajeeto
792 856 1276 964 convenitnobis'Campe
1299 889 1318 932 u
1338 855 1413 938 Ad.
1436 883 1469 936 a.
1489 853 1569 964 739
1591 854 1777 936 Castrum
1800 853 1850 936 ab
1866 884 1946 938 an-

520 1000 522 1003 ’
583 982 703 1068 nauh.
724 979 1041 1062 Fontenallensis
1060 977 1250 1058 monachi
1266 985 1344 1083 (1),
1366 976 1595 1076 Wandonis
1618 976 1784 1058 exilium
1804 976 1950 1072 descri-
2080 971 2083 977 ’

580 1101 735 1209 beutis,
748 1123 914 1186 rocamr
933 1101 1161 1210 Trajectum
1180 1130 1190 1179 :
1210 1133 1231 1176 u
1252 1101 1440 1180 Castrum
1458 1097 1570 1209 quod
1585 1103 1757 1208 antiquo
1774 1103 1952 1208 genuum

577 1226 743 1308 illarum
774 1225 970 1306 uocabulo
1001 1223 1219 1327 Viltoburg
1241 1225 1265 1300 i.
1291 1249 1322 1298 e.
1350 1218 1543 1328 oppedam
1572 1221 1795 1302 W‘ltorum
1825 1249 1952 1304 voca·

578 1347 706 1426 bauer.
726 1359 755 1422 r
777 1349 1065 1430 Monasterium
1096 1371 1195 1425 vero
1225 1342 1502 1448 Trajectense,
1519 1343 1631 1422 aSt.
1657 1342 1882 1452 Monulpbo
1907 1334 1951 1426 in

576 1465 755 1574 defuncti
782 1469 836 1546 St.
857 1467 1031 1546 Servasii
1055 1465 1255 1542 honorem
1279 1477 1555 1546 consecratum
1575 1480 1654 1558 est;
1673 1465 1788 1572 quod
1811 1468 1856 1544 in
1886 1464 1948 1545 di-

576 1585 1014 1666 visioneLothariensis
1026 1585 1142 1690 regni
1156 1583 1248 1662 Car.
1263 1580 1388 1660 Calvo
1408 1579 1714 1662 abscribebatur
1735 1583 1802 1687 (a).
1812 1586 1951 1665 Postea

576 1707 736 1787 urbsab
764 1705 970 1812 Arnoldo,
988 1705 1214 1786 Germaniae
1241 1718 1281 1781 et
1306 1699 1576 1806 Lotharingiae
1603 1727 1718 1808 rege,
1749 1701 1950 1785 Radbodo

577 1827 808 1912 Treuirensi
830 1831 947 1939 episc.
973 1858 1006 1908 a.
1038 1828 1116 1938 889
1146 1822 1390 1908 traditur
1421 1855 1441 1898 r
1474 1823 1661 1932 Trajecta
1679 1828 1722 1903 in
1743 1824 1950 1908 Comitatu

575 1951 858 2058 Moselantffl).
879 1953 962 2032 »In
980 1939 1285 2031 confirmatione
1306 1945 1796 2056 ejusdem*donationis,a
1820 1951 1954 2030 Zwen-

577 2070 736 2153 tiboldo
763 2101 858 2182 rege
879 2075 1002 2178 iacta,
1021 2072 1277 2153 Hasbannice
1295 2068 1540 2150 abscribitur
1561 2069 1627 2169 (d).
1656 2069 1735 2150 Sed
1758 2097 1853 2150 cum
1880 2069 1951 2149 do-

576 2197 685 2273 natio
719 2197 806 2303 ipsa
839 2195 987 2275 urbem
1015 2195 1256 2304 Mosaguvz'oe
1289 2189 1508 2294 adscribat,
1537 2207 1715 2271 erratum
1749 2219 1825 2272 nos
1865 2221 1949 2274 esse

575 2314 779 2395 eredimus
806 2319 849 2396 in
880 2320 1202 2424 confirmatione,
1233 2329 1449 2424 propterea
1477 2312 1590 2422 quod
1619 2337 1709 2392 eam
1730 2313 1795 2393 vel
1817 2314 1951 2394 Caroli

577 2435 779 2546 Simplicis
797 2437 992 2549 diploma,
1011 2467 1095 2551 quo
1118 2469 1152 2520 a.
1172 2463 1250 2546 9¹9
1271 2433 1538 2545 Trajecteusis
1558 2433 1716 2514 abbatia
1734 2435 1953 2516 Treviren-

575 2556 688 2636 sibus
709 2561 827 2666 episc.
850 2564 1077 2644 restituitur
1100 2561 1177 2671 (5),
1196 2577 1237 2640 et
1256 2559 1420 2638 Ottonis
1439 2555 1691 2636 confirmatio
1711 2557 1796 2664 eJ'us
1817 2584 1849 2634 a.
1871 2555 1950 2663 945

574 2675 676 2756 facta
693 2675 765 2785 (6);
794 2682 917 2758 etiam
936 2685 1102 2761 Henriei
1129 2685 1228 2785 imp.
1250 2675 1452 2784 diploma,
1471 2703 1554 2784 quo
1576 2705 1609 2755 a.
1637 2677 1738 2757 1006
1763 2679 1804 2756 N
1805 2693 1947 2782 otgero

573 2796 778 2908 ipsiusque
799 2797 1097 2877 successoribus
1117 2792 1410 2877 Leodiensibus
1439 2791 1615 2875 donatur
1643 2797 1718 2906 (7),
1737 2819 1831 2877 cum
1857 2797 1946 2878 aliis

570 2919 725 3025 multis,
742 2948 926 3030 expresse
945 2920 1040 2998 huic
1058 2933 1204 2996 nostro
1217 2943 1320 3021 pago
1344 2931 1566 2993 accensent.
1584 2915 1816 3023 Trajectum
1836 2921 1947 3025 oppi-

572 3038 674 3120 dum
702 3041 824 3121 simul
861 3056 901 3119 et
929 3037 1220 3119 monasterium
1250 3036 1583 3114 Normanuorum
1604 3034 1775 3119 flammis
1801 3066 1834 3117 a.
1866 3039 1944 3122 882

574 3162 796 3242 maximam
814 3178 972 3270 partem
997 3158 1309 3240 devastabantur
1327 3154 1383 3263 (8)
1407 3185 1416 3235 ε
1437 3174 1484 3236 ut
1504 3168 1641 3239 tamen
1667 3162 1708 3239 B.
1729 3160 1943 3270 Monulphi
2036 3198 2039 3205 ’

575 3282 764 3386 ecclesia,
792 3310 881 3391 quae
906 3280 1029 3363 simul
1057 3280 1109 3361 ad
1138 3280 1411 3391 antiquissima
1438 3280 1767 3389 Merovingorum
1794 3294 1941 3362 monu-

619 3481 670 3567 (r)
691 3482 1166 3551 emmerentianae.
1186 3482 1227 3551 ad
1241 3505 1267 3547 a.
1293 3482 1357 3571 739
1372 3502 1422 3569 ap.
1439 3450 1609 3560 Menneu.
1633 3482 1761 3548 Recueil
1781 3481 1835 3547 des
1860 3482 1941 3553 Hier.

576 3584 616 3649 de
631 3585 762 3652 Franco.
780 3589 819 3653 11.
834 3588 899 3654 662
910 3589 974 3655 col.
984 3589 1059 3674 659.

617 3708 667 3798 (a)
688 3711 812 3777 Annei.
826 3710 1007 3777 Bretiniaai
1016 3710 1064 3775 ad
1077 3734 1110 3777 a.
1132 3710 1464 3798 adpo-Ducuntur,
1476 3708 1533 3775 Le.
1548 3709 1618 3787 vn,
1631 3730 1663 3798 p.
1684 3730 1756 3797 109.

553 3842 559 3851 ¹
614 3828 663 3915 (3)
675 3833 856 3897 Bnorwrnr
879 3834 1001 3897 Amul.
1014 3832 1129 3897 Treuir.
1147 3832 1185 3898 Τ.
1200 3832 1223 3911 i,
1239 3831 1275 3895 L·
1293 3832 1358 3913 lx,
1376 3853 1408 3918 p.
1424 3828 1657 3912 did-ebitum
1679 3854 1732 3918 op.
1745 3832 1826 3922 drpl.
1833 3840 1857 3901 1.
1865 3836 1937 3905 252.

617 3945 666 4032 (4)
688 3946 803 4049 Miner
820 3971 872 4035 op.
890 3950 972 4037 dipl.
989 3955 1013 4014 1.
1028 3952 1103 4017 aba.

616 4064 664 4155 (5)
687 4065 773 4132 Jttd.
786 4066 843 4135 l.1.
861 4072 885 4133 1.
903 4068 977 4135 255.

615 4190 665 4279 (6)
687 4188 840 4257 lotam.
855 4192 879 4255 1.
895 4190 970 4278 259.

615 4310 666 4398 (7)
687 4312 771 4377 Ibt'd.
786 4312 910 4378 1.1.111.
929 4332 979 4379 rt.

615 4430 666 4521 (8)
686 4432 890 4507 Nominandi
920 4436 955 4498 in
985 4433 1076 4501 hunc
1111 4437 1224 4505 locum
1256 4462 1372 4508 omnes
1409 4456 1444 4511 et
1467 4442 1591 4531 quique
1621 4442 1799 4509 Annalium
1825 4445 1937 4511 condi·

574 4549 663 4607 tores
679 4534 809 4604 suntad
825 4558 855 4605 a.
871 4538 934 4606 882
950 4540 1141 4637 scribentes.
