4509 5875
635 624 680 699 se
1024 610 1297 698 aatnctscr
1319 629 1349 698 ι.
1373 629 1615 700 naasson

631 805 826 904 cissimis,
848 803 920 915 qni
943 804 1269 888 administrandis
1285 806 1482 915 Hospitiis
1498 805 1677 888 Publicis
1694 819 1790 884 sunt
1809 805 2002 912 proiecti,

631 945 791 1032 gratum
821 929 1002 1006 animum
1032 928 1226 1035 profitear
1254 957 1332 1039 pro
1364 930 1557 1036 singulari
1586 927 1725 1010 studio
1755 957 1801 1007 ac
1826 928 2003 1008 benero-

631 1049 774 1148 lentia‚
796 1048 877 1157 qual
900 1066 940 1128 et
962 1069 1129 1132 conatus
1150 1080 1263 1133 meos
1285 1055 1581 1133 Nosocomium
1601 1052 1730 1132 Civile
1758 1048 2005 1130 instaurandi
2024 1126 2026 1131 .
2052 1097 2063 1110 ·

631 1169 955 1281 emendandiqne
984 1190 1026 1252 et
1053 1173 1255 1278 Clinicem.
1276 1203 1369 1286 quae
1406 1175 1585 1278 dicitur,
1611 1174 1664 1254 ad
1694 1173 1873 1279 singulas
1899 1173 2006 1252 Artis

630 1295 795 1376 Medicas
808 1313 941 1402 partes
957 1299 1229 1405 pertinentem
1247 1297 1486 1380 instituendi
1514 1297 1681 1380 consilia
1704 1299 1867 1404 egregie
1890 1295 2007 1404 adju·

632 1443 740 1519 vare,
759 1445 981 1528 numquam
1001 1441 1248 1502 recusarunt.
1272 1425 1381 1503 Nam
1401 1422 1476 1502 hac
1498 1424 1586 1530 ipsit
1601 1419 1905 1518 benevolentia,
1925 1417 2009 1528 qud

633 1539 934 1638 emendationes
953 1542 1179 1648 propositas
1200 1571 1332 1653 usque
1350 1561 1392 1622 et
1415 1531 1694 1651 probaverunt
1710 1543 1774 1630 illi
1800 1560 1841 1621 et
1867 1569 2008 1649 prom·

633 1662 786 1740 tissime
805 1665 970 1771 exsequi
990 1664 1219 1772 jusserunt,
1237 1665 1339 1746 illud
1363 1664 1552 1746 ellectum
1573 1683 1653 1765 est,
1675 1673 1743 1763 ut,
1768 1680 1915 1774 praeter
1937 1689 2008 1770 pe·

634 1783 784 1869 callare
804 1784 1020 1866 aedificium
1039 1787 1272 1870 exercendae
1289 1791 1380 1870 Arti
1392 1788 1647 1870 Obstetriciae
1660 1788 1923 1887 destinatum,
1934 1784 2007 1864 alia

631 1903 817 2012 quaedam
826 1907 1029 1990 conclavia
1042 1909 1364 1993 concederentur
1376 1911 1428 1992 ad
1442 1914 1746 1994 exercitationes
1756 1910 1808 1992 de
1821 1906 2009 1989 sanandis

631 2029 785 2112 morbis
805 2049 889 2112 tam
909 2035 1079 2114 internis
1099 2063 1224 2146 quam
1242 2039 1419 2131 externis
1437 2036 1714 2118 instituendas.
1729 2033 1849 2116 Unde
1862 2033 2008 2110 merito

630 2177 792 2257 fiperare
812 2154 925 2250 lieet,
946 2158 1141 2238 Clinicam
1166 2161 1271 2240 hanc
1296 2161 1485 2242 Scholam
1505 2187 1602 2242 cum
1630 2160 1793 2268 optimis
1816 2183 1909 2266 quaa
1934 2177 2008 2258 per

630 2273 833 2374 Europam
852 2268 1021 2371 florent,
1040 2279 1156 2348 brevi
1177 2288 1362 2377 tempore
1383 2297 1469 2349 esse
1492 2285 1777 2349 amutatnram.

686 2476 766 2557 Sed
788 2477 874 2556 dies
899 2465 1076 2580 deficiat,
1099 2479 1145 2553 Α.
1164 2477 1238 2574 H.‚
1261 2477 1294 2555 si
1316 2473 1546 2556 adcuratius
1570 2479 1707 2558 omnia
1730 2504 1938 2558 recensere
1960 2506 2004 2558 ac

633 2600 822 2708 persequi
852 2596 997 2701 velim,
1022 2625 1112 2710 quae
1140 2597 1273 2678 adhuc
1298 2597 1596 2705 adornandam
1624 2599 1727 2677 hanc
1751 2597 2006 2682 Academiam

632 2715 889 2798 laudabiliter
924 2737 1019 2799 sunt
1060 2738 1242 2828 peracta;
1273 2737 1313 2799 et
1352 2720 1486 2832 ipsum
1513 2722 1796 2832 propositum,
1825 2751 1909 2834 quo
1940 2724 2006 2802 hic

632 2868 770 2921 sumus
792 2845 1038 2950 congregati,
1053 2864 1117 2921 me
1132 2841 1323 2922 admonet
1333 2906 1342 2943 ,
1353 2861 1416 2946 ut,
1427 2845 1728 2952 angustioribus
1741 2873 1807 2925 me
1823 2847 2008 2951 terminis

633 2966 914 3063 continens‚in
928 2966 1289 3075 praemiislegitime
1300 2965 1591 3078 distribuendis
1603 2998 1712 3049 nunc
1724 2970 1993 3081 adquiescam.
2032 3031 2037 3043 ,

686 3159 791 3237 Cum
807 3172 941 3237 autem
958 3160 1044 3237 Rex
1067 3157 1413 3265 sapientissimus,
1431 3160 1496 3237 cui
1517 3187 1603 3238 non
1620 3162 1699 3240 nisi
1716 3164 1844 3241 totius
1864 3161 2007 3241 Patriae

562 3262 563 3267 Ν
632 3287 677 3355 'ac
688 3280 849 3359 Civium
859 3281 1115 3385 singulorum
1134 3280 1240 3359 salus
1253 3296 1295 3359 et
1307 3279 1552 3387 prosperitas
1566 3276 1823 3380 obversatur,
1841 3279 2006 3383 ingenio

632 3396 946 3495 Studiosorum,
973 3400 1183 3482 industriae
1211 3430 1257 3481 ac
1284 3402 1405 3479 bonis
1430 3400 1614 3479 moribus
1639 3402 1801 3507 praemia
1830 3405 2005 3509 proponi

632 3520 820 3617 voluerit3
836 3518 878 3600 id
889 3522 1144 3627 potissimum
1160 3526 1373 3631 spectavit,
1384 3539 1461 3601 uta
1473 3523 1640 3633 reliquis
1659 3521 2006 3629 distinguerentur

631 3644 837 3723 erectioris
856 3643 1006 3723 indolis
1025 3644 1331 3747 Adolescentes‚
1351 3646 1421 3755 qui
1454 3646 1636 3751 ςιιιίιιιιι
1658 3672 1754 3724 sane
1777 3644 2004 3723 officiorum

634 3762 854 3870 aliquando
874 3765 1161 3845 obeundorum
1181 3770 1352 3865 conscii,
1380 3796 1521 3846 omnes
1543 3769 1803 3874 cogitationes
1825 3792 2002 3846 omnem·
2119 3758 2123 3766 ⁴

632 3908 711 3991 que
740 3906 903 3986 operam
928 3908 977 3962 eo
1001 3888 1204 3992 dirigunt,
1228 3906 1275 3966 ut
1299 3888 1349 3965 ad
1375 3916 1543 3967 munera
1568 3893 1610 3970 in
1631 3893 1768 3970 Patriae
1786 3888 2002 3971 utilitatem

633 4002 946 4083 administranda
981 4010 1151 4086 existant
1185 4008 1347 4107 idonei,
1383 4006 1610 4123 dignosque
1641 4041 1683 4095 se
1717 4011 1933 4094 exhibeant
1964 4028 2003 4090 et

510 4118 513 4123 ’
632 4148 886 4203 summorum
924 4126 1172 4235 Reipublicae
1208 4130 1590 4215 Administratorum
1625 4137 1772 4217 fiducia
1808 4153 1847 4214 et
1884 4135 2002 4239 Regis

634 4248 915 4350 Angustissimi
940 4248 1240 4349 benevolentia,
1269 4251 1382 4359 cujus
1399 4258 1556 4337 consilii
1582 4264 1684 4340 ratio
1701 4260 1869 4340 uberius
1887 4282 2003 4364 expo

633 4372 706 4449 sita
718 4385 843 4448 exstat
855 4370 974 4451 titulo
985 4374 1132 4483 quinto
1144 4375 1651 4491 ConstitutionisRegiaede
1667 4378 2002 4465 Universitatibus

636 4490 903 4572 instituendis.
