4509 5875
631 629 679 718 64
905 635 1181 710 nnsnctsct
1204 639 1233 705 J.
1257 635 1733 708 nunnius-onutto.

632 815 751 896 dant.
773 813 977 928 Equidem
999 819 1043 895 in
1068 833 1235 924 portum
1258 843 1325 897 me
1350 843 1479 926 prope
1500 818 1731 926 pervenisse
1750 815 1994 900 existimave-

631 967 744 1041 ram,
764 965 857 1018 cum
879 935 988 1016 diem
1007 939 1223 1020 adventare
1238 937 1451 1043 vidissem,
1464 967 1549 1051 quo
1569 941 1752 1020 Rectoris
1771 938 1998 1020 Academici

631 1061 838 1168 provincia
870 1061 1149 1142 transferenda
1179 1079 1282 1142 esset
1313 1064 1357 1141 in
1385 1089 1480 1142 eum
1497 1089 1768 1144 successorem
1800 1061 1855 1140 dc
1888 1061 2000 1170 eujus

631 1182 859 1290 integritate
887 1211 1049 1265 morum
1074 1212 1119 1264 ac
1136 1183 1445 1266 mansuetudine
1469 1179 1712 1264 non'miuus
1730 1211 1856 1294 quum
1877 1209 1999 1289 nego-

628 1305 780 1385 tiorum
807 1307 1079 1414 gerendorum
1104 1306 1319 1416 multiplici
1336 1334 1414 1388 usu
1438 1307 1712 1417 diuturnique
1732 1307 2000 1414 experiential,

628 1426 781 1508 firmati
802 1428 1036 1510 dexteritate
1057 1457 1219 1540 sperare
1239 1429 1360 1509 nobis
1383 1432 1528 1511 merito
1555 1431 1713 1528 liceret,
1746 1457 1836 1538 quae
1867 1426 2002 1507 adhuc

626 1552 670 1629 in
692 1551 969 1660 promovendi
982 1551 1206 1636 Academiae
1225 1551 1350 1632 salute
1368 1581 1410 1632 se
1434 1551 1673 1662 objecissent
1691 1547 2002 1656 impedimenta,

630 1671 745 1753 brevi
773 1678 908 1755 omnia
931 1675 1136 1766 sublatum
1164 1676 1224 1754 iri.
1258 1676 1412 1754 Verum
1434 1673 1550 1754 aliter
1574 1673 1752 1754 decrevit
1779 1671 1890 1749 Deus
1919 1671 2002 1747 Ter

629 1796 818 1905 Optimus
842 1799 1067 1902 Maximus,
1093 1800 1165 1907 qui
1187 1797 1237 1878 ad
1260 1797 1372 1878 aliud
1391 1801 1546 1879 interea
1565 1825 1630 1877 me
1648 1822 1798 1876 munus
1820 1792 1999 1888 vocavit,

626 1934 673 1997 ut
699 1918 968 2000 honorificum
991 1919 1093 2000 illud
1119 1923 1175 2000 ita
1202 1919 1365 2002 difficile
1393 1921 1683 2032 laboribusque
1711 1917 2001 2027 plenissimum.
2034 1965 2038 1976 ·

623 2041 809 2122 Attamen
845 2042 1033 2127 solatium
1066 2041 1228 2126 ‘adferre
1262 2042 1383 2147 solet,
1413 2043 1530 2153 quod
1566 2041 1733 2152 posthac
1759 2042 1881 2120 etiam
1916 2063 2004 2116 non

623 2160 785 2268 penitus
809 2184 836 2234 ἢ
852 2183 989 2242 rerum
1013 2166 1249 2249 Vestrarum
1272 2168 1560 2246 communione
1578 2166 1761 2271 sejuncto
1787 2166 1831 2242 iu
1854 2161 2004 2242 laetitiae

624 2278 756 2380 illius,
776 2301 902 2386 quam
922 2299 972 2352 ex
990 2273 1176 2378 augendo
1186 2300 1317 2382 usque
1326 2274 1449 2380 hujus
1465 2274 1692 2354 Academiae
1706 2271 1924 2381 splendore
1937 2303 2004 2354 co-

624 2401 765 2506 pietis,
799 2397 1031 2478 societatem
1053 2395 1155 2474 mihi
1175 2395 1316 2473 venire
1336 2393 1440 2474 licet
1460 2396 1604 2504 Neque
1629 2396 1739 2475 enim
1757 2421 1848 2504 spes
1869 2399 2002 2478 omnis

624 2519 724 2600 mihi
743 2521 905 2630 praecisa
921 2535 999 2616 est,
1016 2514 1069 2598 ad
1083 2518 1168 2597 Vos
1178 2516 1400 2626 aliquando
1410 2514 1626 2617 redeundi,
1641 2517 1813 2624 Collegae
1821 2522 2001 2599 Astuma·

624 2645 789 2748 tissimi,
816 2671 910 2724 cum
936 2641 1081 2724 melius
1104 2669 1318 2744 meruero,
1343 2659 1391 2722 ut
1416 2642 1503 2722 otio
1533 2641 1605 2723 illo
1636 2670 1681 2722 ac
1707 2644 1999 2753 tranquillitate

623 2767 757 2866 fruar,
797 2795 886 2878 quer
927 2767 971 2846 in
1008 2765 1056 2846 cd
1084 2763 1343 2844 solummodo'
1369 2767 1464 2844 vitse
1495 2764 1729 2846 conditione
1760 2768 2000 2848 mortalibus

625 2891 845 2995 contingit,
869 2890 942 2969 ubi
975 2887 1144 2997 propius
1168 2886 1331 2967 tandem
1359 2885 1410 2967 ad
1440 2885 1563 2968 finem
1588 2887 1705 2969 illum
1733 2891 1999 2972 se‘accedere

625 3015 826 3115 sentiunt,
844 3040 968 3133 quem
985 3012 1151 3125 optimis
1162 3008 1273 3099 ducti
1283 3010 1459 3100 consiliis
1471 3011 1624 3097 diutius
1643 3013 1887 3125 longiusque
1902 3032 2000 3096 sunt

625 3136 835 3246 persecuti.
883 3234 887 3241 Δ

567 3374 570 3383 ¹
680 3340 792 3419 Nihil
818 3358 941 3419 restat
965 3367 1089 3450 quam
1106 3355 1153 3419 ut
1174 3340 1319 3447 gratias
1340 3364 1454 3446 agam
1469 3337 1728 3446 Amplissimo
1750 3338 1997 3421 Curatorum

626 3461 823 3570 Collegio,
832 3462 997 3543 Senatui
1006 3462 1246 3544 Acidemico
1261 3479 1302 3542 et
1309 3462 1551 3542 lectissimis
1561 3460 1909 3566 Adolescentibus,
1917 3468 1997 3545 Pu·

625 3585 742 3666 blicis
760 3586 858 3667 item
877 3584 1002 3666 Urbis
1026 3583 1344 3691 Magistratibus‚
1368 3601 1453 3663 tam
1480 3580 1678 3662 Civilibus
1700 3612 1824 3692 quam
1849 3587 1996 3665 Milita-

625 3708 768 3807 ribus,
787 3706 902 3818 quod
926 3706 1140 3817 praesentiri
1164 3707 1235 3786 sui
1263 3706 1366 3785 hanc
1395 3704 1688 3785 solemnitatem
1722 3704 1996 3794 condecorare

625 3829 853 3913 voluerunt.
887 3832 1055 3938 Semper
1094 3828 1195 3914 mibi
1229 3827 1396 3912 illorum
1425 3828 1708 3909 benevolentia
1732 3846 1774 3908 et
1800 3829 1997 3911 Virorum
2138 3882 2142 3889 -

624 3951 825 4059 praecipue
840 3952 912 4061 qui
924 3946 1250 4035 administrandis
1262 3952 1458 4061 Hospitiis
1470 3951 1647 4033 Publicis
1664 3971 1867 4061 praesunt,
1885 3982 1996 4034 ocer-

624 4075 775 4153 rimum
791 4092 960 4157 conatus
972 4103 1084 4157 meos
1102 4104 1329 4186 numquam
1343 4104 1427 4156 non
1447 4075 1665 4183 adjuvandi
1684 4074 1865 4157 studium
1873 4095 1996 4157 eruut

624 4194 888 4304 praedicanda.
901 4196 1071 4293 Gratum
1081 4200 1211 4305 ¹igitur
1224 4202 1421 4302 animum,
1439 4200 1529 4278 Viri
1548 4200 1820 4307 ornatissimi,
1831 4200 1994 4310 publice

626 4318 753 4401 Vobis
764 4318 872 4399 hisce
881 4318 1090 4428 profiteor„
1099 4321 1279 4432 impense
1298 4350 1460 4429 rogans,
1476 4324 1582 4402 utin
1601 4340 1810 4433 posterum
1828 4350 1992 4433 quoque

626 4462 786 4553 semper
804 4439 945 4527 eddom
960 4470 1053 4550 erga
1066 4470 1132 4525 me
1151 4474 1236 4527 esse
1253 4446 1459 4543 voluntate
1473 4446 1616 4529 velitis.

945 4582 1116 4665 Veners!
