4509 5875
627 585 676 672 46
854 586 1103 658 GUILIELMI
1126 586 1226 656 ctu
1250 583 1369 656 VICT.
1392 585 1492 658 VAN
1514 586 1609 656 DEN
1632 587 1754 660 ΒΔΗ,

636 831 638 836 ·
674 781 913 892 Requiritur
941 797 982 859 1⁰
1004 795 1179 884 potestas
1201 781 1262 860 rei
1284 779 1443 861 traditae
1473 779 1704 860 dominium
1728 777 1987 862 transferendi
2024 846 2029 850 .

623 903 667 981 in
693 905 876 983 tradente
898 929 908 996 ;
929 899 996 976 alii
1024 903 1134 976 enim
1159 924 1297 1004 perse
1327 900 1533 1004 incapaces
1562 913 1658 976 sunt
1685 904 1744 975 rei
1768 928 1892 1008 quam
1915 921 1992 982 tra-

607 1021 727 1102 'dunt
744 1020 971 1104 dominium
988 1015 1271 1114 transferendi,
1296 1019 1359 1095 uti
1381 1019 1451 1126 qui
1483 1045 1570 1095 rem
1591 1019 1763 1098 alienam
1793 1022 1996 1101 nesciente

621 1143 685 1222 vel
717 1141 846 1221 invito
876 1137 1043 1218 domino
1073 1135 1267 1232 tradunt3
1290 1137 1391 1216 alios
1416 1137 1489 1245 qui
1518 1164 1592 1244 per
1613 1165 1655 1218 se
1675 1142 1885 1248 incapaces
1911 1169 1997 1223 non

620 1279 735 1365 sunt,
753 1262 818 1340 lex
836 1276 905 1340 aut
928 1259 1073 1338 ultima
1100 1257 1278 1337 hominis
1300 1257 1503 1357 voluntas,
1526 1261 1591 1340 cui
1610 1288 1735 1368 porro
1763 1265 1908 1344 eadem
1934 1267 1997 1342 vis

616 1382 708 1464 data
728 1399 789 1462 est
813 1409 859 1462 ac
881 1382 984 1488 legi,
1010 1383 1217 1487 incapaces
1239 1379 1405 1460 reddit:
1431 1380 1504 1461 sed
1541 1401 1703 1488 pactum
1734 1387 1844 1465 inter
1875 1386 1994 1465 vivos

614 1499 816 1582 alienandi
844 1503 1077 1606 incapacem
1102 1499 1260 1577 efficere
1283 1502 1491 1579 neminem
1516 1519 1668 1605 potest3
1694 1522 1857 1608 pactum
1883 1491 1998 1583 enim'

614 1621 711 1720 tale,
728 1621 824 1700 licet
835 1617 1016 1698 validum
1034 1619 1106 1715 sit,
1117 1618 1214 1722 quia
1234 1618 1469 1720 paciscentis
1488 1619 1683 1694 interesse
1700 1637 1847 1723 potest,
1860 1647 1912 1700 ne
1930 1647 1995 1702 res

615 1737 885 1834 distrahatur,
912 1753 1046 1816 tamen
1072 1738 1200 1842 ipsam
1220 1762 1316 1814 reto
1347 1763 1431 1815 non
1462 1735 1605 1839 afficit,
1633 1757 1825 1820 neceam
1853 1743 1994 1822 eximit

616 1859 877 1962 commercio,
900 1860 995 1968 quia
1016 1857 1167 1937 scilicet
1186 1858 1352 1966 privatis
1374 1857 1516 1938 datum
1541 1885 1627 1940 non
1648 1877 1787 1964 est,ut
1811 1863 1993 1974 aliquem

614 1982 833 2062 inhabilem
854 1981 912 2060 rei
930 1975 1150 2061 alienandae
1166 1978 1329 2085 faciant,
1348 2008 1473 2094 quem
1491 1981 1555 2062 lex
1576 1983 1775 2065 alienandi
1805 2010 1993 2094 capacem
2067 2000 2071 2010 “

614 2103 708 2184 tecit
725 2131 736 2203 3
756 2103 867 2183 unde
891 2101 1079 2183 alienatio
1099 2120 1216 2212 pacto
1235 2106 1344 2184 inter
1365 2105 1713 2213 vivosprohibita
1740 2105 1879 2186 illicita
1897 2109 1990 2216 qui-

613 2221 709 2302 dem
728 2241 803 2323 est,
833 2240 875 2304 et
897 2223 1098 2332 obligabit
1124 2225 1366 2308 alienantem
1392 2228 1444 2308 ad
1461 2230 1685 2331 interesse,
1711 2230 1785 2336 aed
1813 2228 1992 2311 invalida

614 2359 786 2424 nonest

663 2544 815 2628 Ultima
835 2569 933 2624 vero
953 2543 1133 2626 bominis
1150 2544 1359 2628 voluntate
1377 2550 1543 2657 incapax
1569 2549 1658 2630 fieri
1675 2547 1877 2628 alienandi
1897 2553 1991 2660 qtris

612 2685 766 2778 potest,
785 2665 896 2778 quia,
913 2667 975 2746 uti
993 2693 1090 2748 mox
1111 2660 1360 2768 dicebamus,
1384 2668 1523 2751 eadem
1542 2671 1695 2750 ultimae
1714 2670 1892 2752 hominis
1913 2699 1988 2762 vo-

611 2791 755 2874 luntati
774 2791 835 2870 vis
853 2815 1039 2872 concessa
1055 2807 1116 2872 est
1131 2819 1222 2902 quaa
1230 2793 1309 2898 legi
1322 2817 1332 2890 ;
1346 2793 1455 2874 unde
1469 2823 1562 2874 cum
1573 2793 1675 2906 quid
1688 2811 1855 2876 testator
1870 2793 1987 2875 fidei·

612 2913 827 2996 commuto
848 2910 1077 3021 subjecerit,
1100 2911 1180 2995 hoc
1201 2913 1376 2995 alienare
1395 2913 1628 2997 fiduciarius
1646 2914 1777 3024 valide
1801 2944 1889 2997 non
1909 2944 1985 3025 po·

611 3038 726 3135 terit,
750 3036 845 3147 quia
865 3034 1078 3144 prohibuit
1105 3051 1272 3114 testator
1285 3062 1364 3129 ,ne
1383 3035 1570 3108 alienatio
1592 3036 1723 3134 fieret,
1744 3040 1805 3110 r'ei
1832 3038 1988 3113 scilicet

611 3180 734 3265 quam
755 3154 807 3233 ad
830 3150 1248 3234 fideicommissariam
1267 3147 1400 3231 voluit
1416 3150 1662 3257 transmitti(
1688 3149 1714 3255 ).

663 3358 745 3439 Sed
767 3376 828 3438 est
857 3376 994 3439 tamen
1021 3359 1125 3440 illud
1153 3384 1248 3439 cum
1266 3357 1544 3437 moderamine
1574 3354 1755 3466 quodam
1784 3363 1983 3471 accipien-

610 3482 720 3563 dum.
733 3482 828 3563 Non
839 3484 949 3562 enim
967 3484 1111 3594 utique
1122 3510 1268 3563 verum
1284 3496 1464 3583 est,ntut
1478 3478 1645 3589 quidam
1658 3498 1873 3588 repetunt,
1886 3512 1981 3591 pro·

608 3604 852 3688 bibitionem
868 3632 956 3687 rem
973 3598 1222 3687 distrahendi
1240 3618 1481 3685 testamento
1514 3601 1654 3682 ladam
1677 3603 1854 3712 aliquem
1870 3604 1977 3683 inca-

609 3754 749 3837 pacem
766 3730 895 3813 facere
914 3758 1001 3814 rem
1020 3727 1241 3825 alienandi,
1259 3726 1331 3809 sed
1344 3743 1444 3807 tunc
1456 3749 1598 3805 verum
1615 3740 1676 3805 est
1692 3740 1863 3825 tantum,
1884 3753 1977 3805 cum

609 3866 775 3935 testator
794 3854 983 3963 adjecerit
998 3881 1158 3933 oausam
1176 3849 1466 3962 prohibitionis
1481 3848 1548 3929 vet
1565 3848 1723 3951 dixerit,
1731 3846 1775 3927 in
1793 3848 1907 3956 cujus
1925 3848 1977 3929 fa·

611 3997 751 4055 vorem
764 4003 852 4055 ram
869 3973 991 4053 vendi
1001 3972 1281 4079 prohibuerit,
1296 3988 1343 4051 ut
1370 3986 1527 4052 constat
1536 3998 1585 4051 ex
1602 3974 1646 4050 L.
1667 3970 1910 4073 1rd‚§1dff.
1927 3969 1979 4050 de

610 4091 683 4195 leg.
706 4096 742 4191 l,
763 4098 875 4201 cujus
899 4093 1024 4179 verba
1047 4092 1198 4172 referre
1222 4111 1284 4173 sat
1314 4094 1413 4196 erit,
1439 4112 1486 4173 ut
1514 4093 1725 4202 probetur,
1742 4093 1854 4203 quod
1880 4092 1979 4170 dici-

527 4218 534 4225 “
606 4236 706 4290 mus.
726 4213 862 4293 Verba
875 4236 1009 4297 autem
1026 4231 1122 4299 sunt
1142 4242 1153 4292 z
1175 4215 1300 4295 «Divi
1311 4214 1486 4296 Severus
1495 4234 1536 4296 et
1543 4217 1776 4300 Antoninus
1790 4215 1977 4321 rescrips·

655 4419 702 4509 (1)
724 4418 760 4485 L.
777 4415 806 4495 3,
824 4426 839 4493 ς
856 4440 875 4483 a
892 4420 972 4485 Cod.
995 4444 1115 4491 comm.
1141 4426 1183 4491 de
1200 4426 1262 4512 leg.
1371 4411 1378 4425 ’
