4509 5875
405 693 1746 759 manmmummmmm'mmummmmmmmmm&

728 854 1390 1023 PRAEFATIO.
1488 863 1495 881 ’

601 1143 959 1313 tamem
1001 1098 1438 1271 ninevem
1479 1146 1532 1257 s,

384 1316 482 1463 Eu
512 1356 641 1484 tibi,
674 1354 872 1480 lector,
896 1354 1060 1499 primi
1085 1348 1386 1455 Academiae
1409 1372 1600 1451 nostrae
1624 1349 1752 1449 anni
1842 1443 1848 1455 ,

384 1498 620 1604 Annales
648 1496 835 1601 obfero
849 1556 921 1589 -ψ
940 1519 1063 1640 post
1091 1492 1414 1598 triennium..
1801 1614 1805 1621 Ι

454 1640 671 1742 Miraris
709 1638 868 1763 ferte,
906 1674 1004 1739 cur
1033 1636 1127 1779 qui
1164 1628 1393 1768 exlegis
1424 1627 1633 1731 monito
1675 1625 1754 1763 ip··
1885 1672 1890 1682 ·

388 1780 496 1881 sius
528 1818 673 1882 anno
695 1802 914 1922 peracto
944 1777 1002 1876 in
1025 1772 1203 1877 lucem
1227 1768 1408 1872 statim
1438 1760 1525 1869 edi
1555 1762 1755 1863 debue-

388 1942 546 2034 runt,
579 1938 691 2006 tam
716 1938 837 2007 aere
871 1914 1202 2047 appareant?

457 2049 538 2151 Ne
561 2044 665 2150 hoc
685 2042 924 2183 mireris,
943 2084 1060 2195 quae
1084 2044 1321 2199 jamtibi
1343 2080 1466 2145 sum
1486 2038 1751 2160 dicturus,

390 2183 534 2289 audi.
916 2212 919 2221 ’
1159 2191 1165 2279 ἶ

461 2325 650 2457 Quum
674 2326 819 2429 enim
838 2360 908 2429 ex
929 2364 1016 2430 me
1032 2326 1146 2469 ipse
1168 2322 1414 2447 Senatus,
1440 2322 1527 2425 cui
1545 2354 1642 2463 ego
1660 2315 1756 2417 illo

393 2504 537 2568 anno
575 2466 650 2567 fui
688 2506 719 2567 a
760 2468 998 2589 secretis,
1036 2490 1098 2567 ut
1138 2462 1547 2607 quamprimum
1579 2478 1760 2601 posset

396 2603 799 2721 fieri,Annates
915 2598 1328 2695 inexaudandos
1351 2635 1621 2718 curarem,
1652 2597 1760 2695 ite-

396 2762 514 2839 rato
541 2755 822 2886 quaereret,
851 2730 872 2827 i
941 2767 997 2827 m
1023 2724 1227 2828 eidam
1256 2731 1759 2866 responsum-acti·

395 2876 568 2974 bimet
591 2866 772 2992 debui.
1229 2941 1236 2960 ‚
1459 2934 1462 2942 -

402 3073 406 3078 -
467 3006 646 3110 Multa
670 3031 857 3108 autem
888 3027 1036 3130 sunt,
1067 3041 1186 3150 quae
1214 3004 1400 3149 inique
1435 3003 1676 3108 fecerunt
1703 3005 1760 3111 in
1825 3089 1832 3096 -

398 3143 541 3252 harri:
555 3145 851 3252 Annalium
867 3145 1163 3249 editionem
1182 3184 1196 3270 ;
1220 3183 1337 3290 quae
1359 3145 1557 3286 partim
1580 3169 1758 3248 tecum

400 3289 820 3408 cummunicare,
850 3287 1049 3426 partim
1074 3286 1242 3387 etiam
1274 3293 1448 3388 tacere
1476 3281 1668 3430 placet.

469 3425 569 3525 llta
596 3459 722 3522 vero
752 3424 862 3525 haec
898 3427 1102 3523 sunta.
1158 3453 1164 3513 .·
1540 3422 1550 3485 ἶ

439 3559 1043 3664 Ῥπίηιιιτηιθεειῑίοηθηι
1061 3561 1129 3666 ab
1153 3559 1607 3666 excellentissimo
1629 3568 1760 3685 viro,

402 3701 498 3864 qui
532 3701 662 3851 Regi
692 3698 1070 3844 augustissimo
1106 3701 1172 3801 in·
1194 3702 1354 3803 rebus
1389 3701 1458 3804 ad
1482 3703 1679 3803 artium
1712 3724 1767 3804 et

407 3839 687 3942 literarum
717 3839 894 3944 studia
920 3837 1286 3984 spectantibus
1308 3863 1426 3941 tum
1457 3879 1488 3940 a
1514 3843 1765 3944 commis-

409 3980 480 4080 sis
510 3977 611 4076 fuit
639 3981 1025 4104 sanctioribus,
1056 3981 1177 4122 ipso
1204 3977 1543 4085 in‘stituen'dae
1562 3978 1767 4084 Acade·

410 4117 529 4218 miae
559 4123 747 4218 nestrae
784 4115 997 4220 solenni
1024 4117 1109 4220 die
1146 4118 1421 4242 habitam,
1441 4145 1672 4263 =pmpter
1707 4117 1768 4218 il-

411 4252 517 4355 lius
560 4255 660 4355 viri
700 4258 941 4396 graviora
978 4257 1158 4360 officia
1205 4260 1320 4382 den,
1373 4297 1502 4394 mox¹
1554 4259 1649 4359 ubi
1707 4295 1772 4360 ex

414 4391 499 4494 his
534 4431 659 4496 eum
696 4395 939 4557 partibus
985 4422 1267 4502 avocatum
1303 4398 1574 4544 comperi,
1608 4419 1775 4502 temere

414 4558 730 4674 exspectavl.

555 4693 652 4764 Tom.
668 4693 698 4761 I.
1562 4717 1583 4764 ῃ
