4509 5875
601 693 648 764 ae
988 671 1158 764 canon
1183 693 1377 766 noctan-
1400 694 1568 764 IMBEttT

648 873 1131 977 commemorarem,
1145 874 1382 972 column.
1398 873 1601 980 nutem),
1615 847 1969 981 viltajuxunitil-

592 995 681 1096 iao,
707 998 816 1077 iuter
839 996 985 1077 Badeis
1011 1013 1055 1076 et
1075 999 1276 1102 Rosciam,
1301 1023 1424 1109 quam
1461 1023 1493 1076 a.
1526 997 1604 1104 877
1636 993 1817 1105 diploma
1840 999 1973 1079 Caroli

540 1221 543 1231 Ι
601 1119 713 1202 Calvi
739 1120 959 1202 Nivollemi
994 1119 1183 1200 eoenobio
1223 1123 1375 1202 dottat.
1399 1183 1407 1200 .
1429 1183 1436 1198 .
1458 1153 1479 1194 α
1499 1116 1645 1200 villam
1679 1121 1895 1228 Gaugiowo
1934 1127 1975 1201 in
2076 1124 2081 1136 '

596 1244 791 1322 commu
817 1242 1162 1337 Bmetbaameoe,
1192 1246 1407 1323 Limam
1430 1245 1481 1321 'in
1509 1242 1648 1322 eodem
1675 1247 1895 1336 comt'tatu,
1935 1263 1977 1324 et

598 1363 874 1463 Wambaeeu,
911 1367 1111 1457 Tobaeeo,
1145 1367 1354 1458 Immune,
1380 1369 1623 1462 Rotbctoem,
1652 1364 1968 1462 Hanouorz'oni‘,

599 1485 859 1564 Bolerium»
839 1491 973 1592 ιιι();
1000 1513 1113 1594 qua·
1125 1485 1284 1588 singula
1321 1514 1344 1564 a
1380 1486 1662 1566 Zwentiboldo
1693 1515 1787 1592 rege
1822 1519 1855 1570 a.
1892 1491 1971 1599 897

599 1603 892 1686 confirmantur
913 1610 959 1703 (a
934 1617 988 1713 a.)
1008 1603 1179 1685 Nobiles
1198 1603 1249 1684 de
1263 1603 1460 1682 Baulers
1450 1622 1557 1710 mter
1575 1605 1842 1720 diplomatum
1854 1626 1974 1690 testes

553 1837 556 1844 Ι
597 1729 742 1837 saepius
761 1727 994 1810 audiuntur.

652 1922 925 2024 Recensum,
944 1921 1199 2016 anlrsella,
1217 1919 1420 2014 Bmsello,
1442 1919 1628 2014 Brasola,
1654 1919 1862 2017 Bnutela,
1880 1925 1976 2003 Bru

597 2045 734 2139 sento,
744 2047 972 2141 Bmxellt'a,
986 2045 1200 2138 Bruicella,
1226 2042 1286 2146 (h.
1226 2027 1529 2146 (Brittones,
1546 2041 1756 2140 Brussel)'
1744 2071 1788 2121 ιιι
1798 2061 1974 2156 utroque

596 2158 744 2247 Sennae
765 2166 803 2247 fl.
823 2168 958 2250 littore
979 2167 1162 2273 condita,
1188 2163 1331 2248 aaec'ulo
1361 2181 1518 2248 tantum
1543 2167 1600 2246 XI
1627 2166 1742 2247 urbis
1770 2165 1973 2274 fastigium

600 2288 788 2370 obtinuit.
817 2293 906 2372 Hoc
937 2293 1048 2373 enim
1074 2291 1282 2372 hodiernae
1313 2290 1537 2369 Brabantiae
1573 2307 1721 2400 caput,
1753 2307 1843 2370 ante
1872 2284 1975 2370 illud

599 2426 867 2520 tempus-uon
883 2416 962 2493 nisi
982 2413 1075 2494 villa
1093 2413 1190 2516 fuit,
1215 2440 1310 2491 cum
1327 2413 1497 2520 parvula
1511 2411 1674 2493 ecclesia
1693 2441 1765 2492 seu
1785 2411 1907 2505 cello,
1930 2429 1976 2491 ut

600 2550 698 2612 tanc
726 2539 928 2642 temporis
951 2536 1194 2631 vocabatur,
1217 2563 1243 2613 a
1271 2537 1319 2616 D.
1349 2536 1599 2639 Gangetica,
1633 2536 1705 2642 qui
1729 2535 1795 2614 ibi·
1819 2533 1968 2612 incolas
2063 2605 2067 2614 .

599 2653 651 2734 ad
665 2654 875 2736 meliorem
891 2659 1053 2762 frugem
1072 2659 1256 2736 cultioris
1272 2656 1363 2734 vita
1375 2655 1628 2736 adducturus
1646 2671 1820 2737 mortem
1836 2682 1976 2763 passus

600 2795 680 2878 est,
701 2793 900 2855 exstructa
920 2777 994 2874 (3).
1018 2779 1181 2853 Nomen
1207 2776 1242 2852 si
1273 2801 1446 2882 quaeras
1465 2775 1543 2853 hoe
1566 2774 1758 2914 equidem
1780 2775 1974 2885 suppedi-

481 2996 486 3003 .
602 2899 707 2978 tabo
749 2880 996 2979 Carbonaria
1032 2896 1132 2975 silva
1168 2921 1263 2973 eum
1299 2891 1518 3001 paludibus
1546 2895 1629 2973 suis
1654 2898 1740 2975 sine
1769 2895 1897 2976 dubio
1925 2899 2006 2978 ad‘

600 3022 763 3130 Dyliam
781 3046 915 3130 usque
943 3035 1029 3097 erat
1055 3033 1267 3125 protensa
1295 3037 1440 3122 parum
1467 3013 1665 3117 habitata
1692 3004 1741 3095 ut
1771 3018 1945 3124 potius
1935 3048 1978 3099 ιιι

602 3144 737 3224 media
767 3142 849 3223 iere
882 3142 1042 3243 silva,
1029 3166 1154 3250 mque
1188 3163 1402 3219 nemorosa
1431 3139 1598 3243 regione
1631 3138 1699 3217 illa
1736 3140 1839 3218 cella
1876 3160 1978 3221 esset

602 3269 751 3373 poeita3
767 3262 878 3343 unde
891 3262 942 3343 ab
957 3261 1024 3340 ilia
1041 3263 1126 3369 ipsa
1137 3258 1341 3369 paludosa
1359 3276 1502 3340 natura
1517 3259 1719 3364 (Bruoch)
1738 3278 1860 3370 atque
1873 3264 1975 3343 cello

602 3388 676 3464 hac
695 3385 858 3494 (celles.
877 3381 993 3489 selle)
1013 3410 1166 3465 nomen
1186 3384 1282 3465 villa
1299 3382 1585 3491 adipisceretur
1605 3383 1672 3489 (d).
1682 3384 1846 3464 Nomen
1865 3386 1976 3467 nillae

606 3506 749 3589 saeculo
779 3536 946 3629 quoque
969 3508 1010 3587 X
1033 3507 1269 3611 retinuerat,
1295 3523 1342 3586 ut
1364 3524 1422 3586 est
1445 3507 1489 3584 in
1508 3504 1603 3613 dipl.
1619 3496 1797 3617 quodam
1811 3511 1977 3594 ottonis

603 3632 719 3742 Imp.
730 3630 1030 3713 Nivellens1bus
1059 3662 1091 3713 a
1120 3630 1201 3741 966
1234 3630 1327 3711 dato
1368 3662 1387 3705 r
1428 3624 1606 3709 stadium
1634 3656 1761 3708 unum
1794 3633 1837 3708 in
1870 3632 1975 3711 villo

605 3756 810 3835 Bmcsello
835 3785 953 3863 saper
966 3757 1142 3860 fluvium
1166 3757 1323 3836 Bromio
1341 3748 1427 3859 (5);
1454 3779 1545 3861 quae
1571 3768 1707 3831 tamen
1735 3754 1838 3831 cillo
1866 3757 1976 3861 tegio

606 3872 767 3953 videtur
787 3874 928 3976 fuisse,
945 3877 1020 3955 ubi
1040 3880 1331 3984 Imperatorem
1349 3905 1381 3958 a.
1403 3876 1481 3983 976
1500 3874 1696 3958 habitasse
1714 3874 1759 3973 (
1765 3875 1780 3979 )
1800 3899 1845 3955 ac
1867 3876 1976 3985 pala-

651 4072 700 4162 (ι)
722 4072 834 4139 Mum
849 4096 901 4161 op.
914 4073 995 4161 dapl.
1019 4076 1049 4151 1,
1066 4098 1099 4161 p.
1116 4076 1190 4141 502.

652 4196 701 4284 (a)
722 4196 807 4261 leid.
819 4194 840 4259 l.
855 4194 877 4261 l.
892 4199 916 4258 1.
932 4194 1006 4261 503.
1756 4266 1760 4275 ι

651 4318 700 4405 (n
723 4318 789 4381 cu.
810 4318 942 4383 Vaao.
959 4316 1103 4383 Gudiuae
1119 4321 1157 4383 aa
1176 4322 1256 4387 acto
1270 4320 1321 4387 St.
1337 4310 1503 4411 caper.
1523 4324 1568 4407 v,
1580 4324 1618 4389 ι.
1636 4323 1709 4413 715.

653 4434 842 4525 (0wa
768 4458 900 4527 nuraep
915 4440 1182 4527 pStetnotaI.
1222 4460 1225 4465 “

654 4560 696 4648 (
692 4559 798 4633 )
801 4580 902 4648 p
917 4562 953 4623 d
942 4563 1000 4649 pt
1016 4564 1031 4625 Ι
1035 4587 1092 4652 ,.p
1085 4564 1182 4643 ..654

609 4682 1065 4772 ·()1bd111p..344
