4509 5875
574 634 628 723 [ιδ’
1061 642 1126 710 Fa.
1153 639 1182 708 J.
1208 638 1470 711 numeuctt

572 803 760 882 resumtis
780 800 935 881 viribus
962 816 1003 880 et
1027 799 1146 879 alacri
1167 796 1304 879 animo
1335 801 1497 908 ipsimet
1531 796 1789 919 peragamus,
1814 826 1949 885 mmo·

570 924 731 1003 tissime
760 922 941 1031 proiecto
963 937 1095 1026 metae,
1117 920 1190 1003 aed
1213 922 1402 1002 fortiores
1434 922 1680 1026 constantia,
1701 925 1851 1005 certius
1869 926 1950 1036 ad·

570 1046 763 1126 volantes.
1951 1067 1955 1076 '

622 1218 972 1301 consuetudinem
992 1219 1204 1331 sequimur
1230 1220 1429 1325 aliorum,
1449 1218 1663 1300 Lectiones
1692 1216 1950 1301 Academicus

567 1368 641 1449 per
675 1342 790 1449 hunc
818 1344 998 1450 primum
1026 1370 1180 1423 annum
1198 1342 1422 1446 habendas,
1450 1342 1616 1450 publice
1647 1342 1877 1423 indicaturi,

621 1542 761 1655 Itaque
783 1538 961 1634 habetis,
984 1542 1160 1622 iuvenes
1180 1542 1385 1625 lectissimi
1395 1542 1576 1652 ,singuli
1597 1546 1757 1657 quasvis
1771 1572 1848 1653 pro
1872 1570 1947 1625 suo
2045 1584 2049 1591 ·

566 1663 739 1773 quisque
759 1664 895 1740 animo
922 1678 1044 1777 atque
1069 1663 1302 1746 studiorum
1322 1664 1511 1771 eligendo
1530 1694 1678 1771 genere
1692 1694 1799 1745 suas·
1789 1694 1948 1774 ‚neque

564 1784 757 1890 cuiquam
783 1780 928 1884 deerit,
946 1810 1011 1863 eas
1031 1783 1110 1864 sibi
1130 1812 1270 1898 parare
1295 1787 1504 1888 scientias,
1533 1784 1685 1903 quibus
1704 1784 1948 1894 aliquando,

566 1901 710 1982 studiis
740 1905 817 1982 rite
844 1906 1038 2013 peractis,
1071 1905 1115 1986 id
1145 1908 1327 1987 muneris
1354 1922 1477 2024 atque
1501 1903 1725 2006 honorius
1712 1933 1758 1985 ιιι
1789 1906 1972 1984 civitate·

566 2022 645 2107 sibi
677 2023 1014 2131 abeniguiasimo
1042 2029 1229 2137 Principe
1257 2026 1501 2121 deferendi,
1529 1963 1717 2104 obtinehe
1741 2052 1792 2102 eo
1821 2024 1946 2105 modo

568 2146 717 2251 possit,
746 2162 792 2224 ut
815 2145 994 2227 officium
1016 2148 1233 2267 quodlibet
1249 2165 1409 2257 prestet
1435 2145 1613 2248 civibus,
1642 2144 1811 2258 ejusque
1847 2144 1947 2225 inde

568 2264 720 2352 fractus
744 2264 812 2347 fiat
839 2269 1062 2377 particeps,
1091 2298 1176 2383 quo
1200 2268 1408 2356 liberalior
1433 2266 1611 2351 eruditio
1643 2264 1791 2349 assolet
1809 2292 1945 2347 remu·

453 2432 456 2439 ²
569 2388 710 2466 uetari.

622 2588 806 2679 Verum
790 2558 920 2709 Juvat,
939 2618 982 2669 m
971 2588 1204 2694 'fallimur,
1223 2588 1297 2667 hac
1320 2585 1411 2668 data
1429 2587 1752 2697 opportunitate,
1772 2584 1944 2694 adjioere

568 2700 717 2815 pauca,
743 2738 816 2803 seu
845 2728 1027 2831 repetere
1060 2713 1229 2825 potius,
1261 2708 1458 2834 quaejam
1488 2711 1657 2791 summis
1685 2709 1944 2789 continentur

570 2832 779 2938 ptueceptis
807 2823 940 2928 regila
1084 2934 1087 2940 ,

623 3023 812 3107 Nolimus
839 3023 950 3103 enim
971 3022 1107 3104 credat
1137 3022 1301 3134 uliquis,
1324 3036 1397 3104 acu
1421 2985 1658 3135 persuasum
1677 3025 1758 3108 sibi
1785 3025 1837 3106 ab
1856 3027 1947 3107 aliis
1997 3037 2002 3046 ’

570 3147 733 3252 habeat,
753 3162 896 3227 cuncta
920 3173 1024 3250 ase,
1044 3144 1227 3226 facultate
1246 3143 1373 3225 modo
1390 3147 1535 3253 electi,
1557 3149 1723 3258 perlici,
1742 3177 1833 3260 quta
1859 3150 1944 3228 sint

571 3267 877 3379 quodammodo
904 3266 1096 3368 adnitam
1112 3266 1282 3348 honeste
1301 3269 1601 3376 transigendam
1622 3275 1863 3363 marth,
1883 3286 1948 3348 at-

571 3416 653 3499 que
663 3391 882 3500 ite,quum
899 3387 968 3470 tuli
977 3390 1133 3470 ratione
1150 3415 1292 3470 omues
1305 3389 1706 3508 aliaequalemuuque
1722 3395 1806 3480 siut
1819 3390 1946 3478 animi

571 3512 894 3615 exercitationes,
909 3537 1013 3619 que
1042 3511 1205 3593 nonita
1227 3511 1345 3618 piune
1373 3509 1425 3592 ad
1440 3539 1529 3594 rem
1556 3513 1762 3619 pertinere
1779 3510 1948 3604 v'uleau-

571 3650 669 3735 tnr,
692 3633 814 3714 etiam
836 3633 910 3714 ebs
934 3661 978 3714 re
1006 3661 1092 3714 esse
1122 3649 1177 3712 et.
1186 3634 1350 3738 penitus
1384 3650 1496 3716 extra
1529 3630 1762 3714 studiorum
1802 3628 1947 3710 orbem

571 3755 711 3864 positae
727 3752 867 3832 multis
874 3755 1198 3861 pronuncientur
1215 3755 1374 3862 ,opella
1393 3754 1590 3834 mediocri
1605 3751 1797 3854 adhibita,
1814 3767 1946 3833 cetera

573 3877 690 3986 quasi
717 3876 824 3955 inter
843 3873 1159 3974 ambulandum,
1185 3875 1316 3954 nihilo
1344 3893 1481 3956 mmen
1509 3877 1645 3962 miuus
1672 3873 1946 3990 catapultis·

573 3999 667 4080 culo
703 3996 905 4078 exhauriri
930 4023 1048 4104 posse
1077 3995 1131 4076 ad
1158 4025 1289 4079 umtm
1311 3998 1456 4087 onnia.

572 4190 727 4279 Inde
752 4198 799 4279 fit
820 4201 986 4307 (etenim
1013 4200 1183 4292 omniuo
1200 4201 1315 4282 melis
1332 4200 1554 4310 exemplis
1542 4201 1764 4281 imitatores
1783 4194 1943 4303 plures,

573 4331 698 4427 quam
721 4325 885 4432 optimis
899 4325 1135 4436 quibusque
1155 4324 1429 4431 contingunt),
1448 4341 1497 4406 ut
1514 4326 1581 4406 isti
1600 4340 1750 4417 emas
1768 4336 1875 4399 artes
1891 4317 1940 4406 li·

562 4439 729 4528 -berales
762 4465 884 4559 atque
913 4445 1145 4558 disciplinas
1168 4447 1394 4555 negligant,
1427 4476 1480 4531 ne
1503 4448 1707 4551 dicamus,
1745 4444 1970 4608 quonium
