4509 5875
601 653 1124 749 emronsronnounsr.
1148 661 1288 732 sumn
1582 653 1624 726 13

270 864 338 944 ges
367 839 410 918 in
442 839 615 946 negotiis
644 868 721 922 usu
757 840 996 951 quotidiano
1026 837 1152 948 magis
1177 837 1309 922 obviis
1334 834 1515 946 quaedem
1541 861 1624 916 ser·

268 962 399 1040 vande
425 962 704 1070 praescribunt,
737 965 887 1070 quibus
920 991 1004 1044 non
1044 964 1207 1044 servatis
1239 960 1291 1042 ad
1326 958 1448 1037 finem
1478 982 1627 1066 propo·

271 1083 394 1162 sitnm
414 1081 615 1186 perveniri
633 1081 683 1160 de
703 1083 795 1188 jure
811 1083 918 1162 civili
936 1111 1023 1164 non
1040 1101 1181 1189 potest
1202 1082 1330 1159 stein
1346 1079 1634 1171 transferendis,

267 1200 458 1280 dominiis
476 1197 733 1281 traditionem
759 1218 901 1308 praeter
918 1204 1007 1282 aliu
1028 1201 1224 1309 requisita
1246 1197 1298 1280 de
1328 1199 1479 1308 quibus
1506 1201 1632 1302 inira,

267 1318 513 1422 desiderant,
540 1323 676 1430 paucis
697 1325 872 1432 exeeptis
894 1351 999 1434 quos
1022 1350 1118 1406 mox
1146 1319 1433 1419 indicabimus,
1461 1321 1628 1408 ossibus.

265 1440 345 1522 Sed
363 1469 505 1522 eorum
524 1471 614 1552 quse
635 1445 829 1526 servanda
848 1446 1006 1551 legibus
1024 1443 1356 1554 prmsoribuntur,
1377 1442 1452 1561 alia
1473 1469 1523 1522 ex
1541 1444 1628 1550 ipso

266 1563 544 1670 naturaiijure
565 1567 775 1673 desumpta
792 1584 902 1668 sunt,
918 1567 996 1646 alio
1013 1566 1102 1674 jure
1124 1564 1232 1646 uirili
1249 1566 1486 1649 introducta.
1504 1564 1632 1666 Quod

266 1685 311 1761 in
341 1681 556 1766 tradinone
579 1702 779 1795 quatenus
806 1688 858 1769 ad
881 1685 1462 1806 transferendumdominium
1499 1688 1630 1792 requi·

269 1805 389 1903 ritur,
417 1804 698 1915 disquiremus.
1149 1853 1153 1862 -

320 2017 392 2094 Jns
414 2016 528 2124 quod
550 2019 594 2097 in
614 2045 701 2099 rem
723 2020 898 2132 aliquam
919 2023 1160 2132 acquisitum
1180 2020 1318 2130 plene,
1335 2016 1531 2130 perfecte,
1545 2011 1631 2092 effi·

267 2136 409 2214 caciter
434 2135 554 2218 nobis
584 2157 665 2241 est,
693 2141 888 2252 quodque
921 2147 1052 2251 specie
1077 2144 1148 2224 suri
1179 2142 1256 2219 tale
1289 2158 1370 2238 est,
1396 2152 1443 2214 ut
1469 2134 1584 2214 avelli
1609 2163 1632 2214 a

268 2257 441 2362 person&
462 2258 599 2334 nostra
625 2264 776 2363 possit,
805 2258 977 2364 separari
1000 2284 1022 2334 a
1049 2259 1169 2336 nobis
1203 2275 1244 2336 et
1274 2260 1318 2335 in
1349 2256 1474 2335 alium
1500 2273 1631 2333 trans-

269 2374 366 2454 ferri
388 2377 594 2482 (sepositis
624 2404 723 2484 qure.
738 2376 828 2484 jure
855 2378 963 2459 civili
991 2379 1214 2485 prodeunt,
1243 2376 1559 2485 impedimentis)
1579 2375 1661 2461 an'

269 2499 415 2603 possit,
437 2497 540 2574 nulli
562 2496 734 2578 dubium
760 2498 889 2598 ullum
917 2517 997 2597 est;
1016 2500 1139 2604 modo
1159 2497 1293 2579 adsint
1313 2524 1403 2608 quas
1420 2494 1556 2574 adesse
1578 2520 1630 2574 ex

269 2618 423 2697 ratione
444 2617 546 2724 juris
564 2619 754 2700 naturalis
777 2620 942 2724 dehent,
964 2638 1012 2702 ut
1028 2621 1094 2729 jus
1116 2621 1353 2720 translatum
1374 2616 1629 2723 intelligatur.

268 2739 319 2838 Et
335 2737 512 2847 quidem
537 2767 631 2820 cum
655 2769 775 2820 nemo
798 2741 1004 2850 jussuum
1031 2743 1174 2826 nolens
1196 2742 1437 2823 autinseius
1461 2741 1632 2836 amittat,

267 2887 386 2941 nemo
399 2956 403 2963 ⁴
413 2861 478 2970 jus
504 2888 588 2942 non
610 2889 729 2945 suum
748 2864 889 2947 nolens
911 2883 980 2947 aut
1005 2866 1155 2965 inscius
1178 2865 1380 2970 acquiram
1403 2862 1540 2948 adesse
1561 2860 1632 2942 de·

268 2980 338 3061 bet
363 2984 628 3069 transferendi
656 2984 721 3092 jus
749 3012 868 3062 suum
897 2982 1082 3061 voluntas
1109 2984 1154 3061 in
1185 2981 1468 3080 transferente,
1494 2983 1632 3087 aequi-

269 3104 386 3181 rendi
416 3107 519 3178 iilud
548 3110 592 3175 in
627 3105 726 3195 alio;
756 3120 844 3179 tum
874 3104 995 3179 etiam
1018 3102 1122 3183 adsit
1151 3102 1341 3199 naturalis
1368 3098 1632 3180 transferendi

269 3237 443 3329 potestas
471 3220 516 3297 in
541 3244 642 3315 uno,
662 3218 903 3329 'acquirendi
931 3223 974 3299 in
1011 3218 1116 3318 alio;
1152 3220 1299 3300 deinde
1326 3218 1486 3298 indiciis
1513 3222 1632 3300 certis

268 3342 453 3423 voluntas
479 3338 802 3423 contrahentium
825 3345 982 3421 interna
1007 3344 1181 3422 exterius
1203 3341 1500 3439 manifestetur5
1523 3360 1633 3423 actam

268 3465 381 3545 enim
394 3461 556 3543 'interni
581 3478 733 3542 naturae
761 3464 958 3545 societatis
981 3464 1167 3545 humente
1190 3492 1280 3544 «non
1305 3468 1578 3570 congruunt(
1604 3464 1629 3562 ).

259 3740 264 3751 ·
321 3689 472 3770 Indicia
491 3714 588 3770 vero
611 3688 692 3769 haec
715 3692 825 3771 varia
842 3668 949 3794 esse,
966 3692 1091 3773 modo
1117 3709 1223 3779 oerta
1235 3693 1336 3791 sint,
1355 3703 1543 3797 passuum
1559 3690 1632 3765 uti·

272 3841 350 3921 que
370 3840 454 3892 non
482 3811 614 3894 solum
645 3810 862 3915 traditione
883 3816 959 3897 sed
979 3832 1022 3895 et
1048 3816 1245 3923 scripture
1262 3833 1304 3895 et
1318 3813 1453 3895 verbis
1481 3826 1522 3889 et
1551 3808 1630 3889 alio

273 3937 417 4043 quovis
435 3933 560 4015 modo
587 3934 771 4015 voluntas
792 3936 1003 4025 hominum
1028 3937 1280 4019 declaratur*

324 4155 442 4239 Unde
462 4154 608 4276 sufficit
635 4122 793 4269 dejure
819 4126 1009 4269 naturali,
1035 4129 1284 4244 voluntatem
1309 4152 1424 4265 signo
1451 4156 1629 4267 quodam

273 4279 393 4361 inisse
407 4308 668 4390 expressam
686 4282 820 4389 undem
833 4286 945 4395 quod
966 4289 1010 4367 in
1037 4286 1119 4370 huc.
1133 4313 1177 4364 re
1191 4284 1289 4389 ‚lege
1310 4280 1521 4390 quaesitum
1548 4294 1628 4379 est,

317 4498 367 4587 (t)
387 4476 1165 4582 o20s1usaerurene'11.etrae.ns.2‚0.e,s
1186 4524 1214 4569 ι.
1232 4500 1291 4569 ru.
1305 4522 1341 4581 ι,
1355 4522 1382 4566 0.
1398 4500 1433 4579 e,
1448 4508 1464 4574 ς
1481 4495 1550 4564 2ss
