4509 5875
671 669 718 739 rb
904 665 1147 738 colustra!
1172 662 1270 738 CAR.
1295 663 1415 734 vlcr.
1440 664 1534 737 VAN
1558 665 1658 736 butt
1675 666 1796 736 burs

722 844 925 951 Imprimis
952 861 1087 926 autem
1110 860 1267 926 certum
1291 859 1371 946 est,
1391 843 1650 924 traditionem
1678 841 1918 922 intervenire
1943 861 2027 920 non

671 964 821 1046 debere
837 966 881 1044 in
899 965 949 1045 iis
967 965 1139 1064 casibus,
1157 967 1202 1044 in
1219 965 1369 1076 quibus
1386 967 1511 1046 alium
1531 963 1699 1044 modum
1719 963 1890 1050 dominii
1907 977 2029 1039 nans-

669 1083 824 1165 ferendi
856 1084 963 1189 leges
990 1086 1241 1166 admiserunt
1273 1088 1334 1166 uti
1359 1087 1404 1166 in
1435 1083 1729 1166 accessionibus
1755 1083 1834 1188 (1)
1861 1101 1904 1163 et
1934 1109 2030 1188 prze-

667 1204 954 1313 scriptionibus
983 1208 1058 1312 (a).

718 1400 876 1484 Deinde
904 1403 1068 1484 traditio
1102 1406 1346 1486 intervenire
1376 1432 1462 1485 non
1491 1403 1613 1485 debet
1641 1408 1686 1485 in
1714 1404 1764 1484 iis
1781 1402 1960 1504 casibus,
1986 1404 2032 1480 in

596 1599 602 1606 .
665 1523 815 1634 quibus
852 1523 1080 1602 dominium
1112 1523 1280 1630 jubente
1316 1523 1404 1629 lege
1440 1525 1688 1602 transfertur.
1724 1525 1829 1602 Nam
1861 1541 1910 1602 ut
1944 1523 2035 1623 liat,

667 1641 781 1750 quod
804 1645 893 1750 ipso
910 1643 1001 1750 jure
1029 1643 1094 1748 fit,
1114 1643 1331 1724 traditione
1356 1671 1460 1753 opus
1489 1671 1575 1724 non
1603 1662 1682 1748 est,
1707 1660 1748 1723 et
1770 1643 1864 1724 ideo
1888 1644 1934 1722 in
1953 1671 2036 1722 suc·

667 1764 916 1854 cessionibus
952 1765 1005 1844 ab
1035 1766 1221 1846 intestato
1250 1764 1478 1847 dominium
1510 1793 1649 1848 rerum
1676 1765 1727 1847 ad
1763 1763 2035 1847 haereditatem

665 1887 929 1990 spectantium
958 1888 1002 1964 in
1029 1885 1310 1968 succedentem
1345 1887 1544 1970 haeredem
1570 1890 1723 1999 absque
1742 1887 1828 1970 ullo
1852 1887 2035 1968 traditio·

666 2005 728 2081 nis
749 2005 851 2086 facto
875 2008 1027 2086 transit.

733 2191 913 2293 Deinde,
940 2196 1038 2300 quia
1056 2194 1205 2272 'eadem
1228 2203 1289 2272 vis
1323 2201 1473 2273 ubimae
1498 2200 1678 2274 hominis
1709 2196 1910 2275 voluntati
1941 2195 2036 2274 data

666 2325 746 2408 est,
774 2338 865 2420 quae
895 2311 1081 2418 legibus,
1111 2313 1329 2394 traditione
1358 2341 1461 2422 opus
1495 2343 1580 2394 non
1619 2333 1679 2396 est
1708 2319 1753 2395 in
1783 2317 1847 2396 bis
1881 2317 2036 2397 casibus

665 2433 710 2508 in
733 2431 884 2539 quibus
905 2430 1134 2512 dominium
1160 2433 1397 2514 transfertur
1423 2453 1514 2515 actu
1534 2436 1686 2516 ultimae
1712 2437 1949 2540 voluntatis,
1966 2465 2038 2518 re·

666 2549 741 2630 luti
763 2551 931 2634 haeredis
960 2555 1213 2635 institutione
1231 2573 1470 2638 testamento
1489 2556 1598 2637 facti.
1619 2559 1752 2636 Haeres
1781 2560 1890 2636 enim
1912 2574 2035 2664 testa·

665 2689 805 2754 mento
828 2676 1015 2783 scriptus,
1034 2678 1067 2754 si
1090 2703 1187 2756 suus
1205 2675 1395 2758 defuncto
1417 2677 1543 2758 haeres
1563 2680 1635 2781 sit,
1661 2679 1749 2787 ipso
1765 2676 1855 2786 jure
1877 2677 2034 2788 absque

665 2793 749 2872 ullo
779 2795 865 2902 ejus
895 2795 1013 2902 facto,
1042 2799 1226 2906 quinimo
1252 2800 1443 2904 ignorans
1465 2801 1586 2878 etiam
1613 2798 1804 2879 dominus
1824 2798 2038 2880 fitrerum

663 2913 714 2993 ad
741 2915 1009 2992 haereditatem
1028 2921 1293 3019 spectantium
1311 2920 1391 3019 (3),
1409 2922 1462 2999 ita
1484 2939 1621 3001 tamen
1641 2940 1688 3001 ut
1708 2919 1883 3028 gaudeat
1908 2919 2037 3003 bene·

666 3032 757 3113 ficio
788 3032 1016 3113 abstinendi
1044 3033 1111 3139 (Δ).
1137 3036 1190 3112 Et
1214 3032 1356 3113 eadem
1389 3064 1553 3145 quoqne
1582 3040 1755 3115 dicenda
1783 3046 1957 3118 veniunt
1984 3042 2039 3123 de

663 3154 823 3236 haerede
863 3153 1105 3255 necessario,
1131 3154 1214 3233 sive
1242 3150 1293 3232 de
1319 3181 1436 3233 servo
1459 3154 1637 3257 haerede,
1666 3157 1756 3270 qui,
1785 3158 1884 3238 velit
1914 3161 2035 3265 nolit,
2058 3228 2062 3236 .

663 3293 758 3381 post
773 3294 948 3355 mortem
965 3275 1164 3355 testatoris
1180 3276 1366 3382 protinus
1379 3273 1482 3355 liber
1497 3272 1541 3354 fit
1555 3294 1596 3357 et
1608 3277 1733 3358 haeres
1744 3308 1792 3358 ex
1806 3280 1900 3360 Inst
1911 3280 1979 3360 lib.
1990 3311 2032 3384 a,

665 3398 823 3503 tit-19,
852 3401 878 3494 §
905 3422 919 3474 1
938 3455 949 3497 ‚
970 3400 1026 3475 ita
1044 3413 1180 3473 tamen
1207 3412 1255 3475 ut
1278 3394 1344 3475 hic
1373 3420 1458 3476 non
1480 3396 1626 3478 habeat
1644 3400 1887 3483 beneficium
1908 3403 2030 3485 absti-

667 3513 806 3615 nendi,
835 3515 948 3625 quod
965 3518 1048 3597 suis
1068 3515 1298 3597 haeredibus
1317 3545 1551 3599 concessum
1568 3538 1636 3601 est.
1656 3522 1729 3603 sin
1746 3543 1957 3604 extraneus
1977 3527 2032 3603 sit

711 3732 759 3819 (a)
781 3734 859 3799 Inst.
873 3734 898 3800 l.
914 3757 953 3814 a,
969 3751 992 3802 t
1008 3758 1023 3800 r
1037 3746 1074 3819 ,ς
1093 3756 1133 3825 ¹9
1150 3750 1184 3805 et
1195 3758 1285 3828 seqq.
1297 3736 1443 3804 Gaorma
1457 3736 1499 3804 da
1514 3738 1589 3805 Iure
1603 3737 1682 3805 Beli.
1693 3738 1804 3805 etPac
1816 3739 1880 3806 rib.
1895 3762 1927 3806 a.
1941 3740 2014 3813 c.8.

669 3844 687 3911 s
710 3834 764 4022 idi
782 3852 941 4003 iiidice
951 3952 973 4001 t.
987 3940 1019 4002 6.

714 4038 763 4123 (3)
786 4040 927 4109 Viasate
940 4041 1029 4106 enim
1048 4040 1157 4108 adhuc
1174 4059 1326 4113 temtora
1336 4049 1470 4138 jamjam
1484 4049 1730 4139 quodammodo
1746 4050 1902 4120 dominus
1918 4056 2025 4123 emeti-

670 4154 786 4205 rnatur.
803 4146 880 4212 lust.
900 4142 960 4215 tib.
975 4166 1004 4215 a.
1019 4145 1068 4218 tit.
1085 4164 1145 4231 tp*
1157 4158 1184 4223 ς.
1204 4172 1237 4215 a.
1253 4150 1400 4239 Ideoque
1415 4169 1492 4242 post
1508 4158 1579 4239 ejus
1592 4172 1733 4223 mortem
1753 4161 1846 4247 quasi
1860 4161 2030 4227 continuat

669 4241 865 4316 dominium.
878 4251 913 4315 L
932 4274 980 4319 rr.
996 4250 1032 4316 ff.
1047 4250 1091 4325 ds
1106 4250 1163 4317 iib.
1184 4268 1218 4317 et
1228 4252 1336 4341 posdr.
1351 4256 1429 4340 Quo
1441 4258 1481 4327 iit
1495 4276 1534 4329 ut
1545 4284 1625 4331 auru
1639 4260 1742 4333 bures
1754 4264 1911 4355 ipaojm
1923 4265 2024 4331 hores

671 4348 794 4415 existat.
811 4349 950 4425 Vrsinus
972 4356 1016 4422 ad
1039 4357 1115 4423 inst.
1129 4354 1189 4424 lib.
1203 4379 1239 4437 a,
1255 4359 1304 4425 tit.
1322 4382 1376 4448 19,
1392 4372 1408 4442 ς
1426 4383 1456 4432 a.
1665 4385 1672 4401 ·

711 4450 761 4543 (4)
784 4454 860 4519 lnst.
880 4454 938 4519 lib.
956 4441 994 4537 α’,
1012 4460 1063 4527 tit.
1081 4482 1135 4551 19,
1152 4472 1177 4541 ς.
1193 4454 1274 4545 a,iu
1291 4464 1368 4533 fine.
