4509 5875
581 677 648 724 100
756 729 757 738 ,
1061 655 1123 722 re.
1147 654 1178 721 J.
1205 651 1469 730 namnum

628 835 773 946 Neque
794 857 891 914 vcro
918 831 1080 914 silentio
1099 831 1405 941 pretermittere
1422 851 1606 940 mmm,
1623 829 1778 938 negem
1793 832 1958 940 Augus<

575 958 774 1040 tissimum
794 971 1031 1064 promptum
1047 981 1208 1065 semper
1219 954 1272 1039 ad
1288 955 1406 1064 justis
1423 955 1575 1037 civium
1593 954 1699 1034 votis
1719 954 1957 1038 satisfacien-

575 1079 696 1182 dum,
721 1104 853 1188 nuper
876 1075 1129 1181 admodum,
1158 1105 1314 1159 novum
1343 1074 1594 1167 liberalitatis
1613 1077 1855 1187 ‚exemptum
1885 1103 1956 1160 ex·

573 1201 753 1282 hibuisse
771 1202 816 1280 in
836 1199 1087 1280 nominando
1114 1198 1323 1282 literarum
1341 1196 1589 1289 Gellimrum
1600 1214 1847 1308 preceptore
1871 1225 1960 1285 ern·

453 1371 457 1378 »
575 1323 796 1425 ditissimo,
815 1322 887 1431 qui
911 1348 999 1407 non
1020 1322 1157 1404 minus
1183 1319 1239 1402 ob
1257 1320 1383 1402 animi
1407 1320 1643 1431 ingeniique
1672 1317 1789 1402 dotes
1818 1321 1955 1407 exuti·

574 1446 781 1546 matione,
816 1444 900 1554 qua
913 1443 989 1526 bis
1015 1444 1059 1523 in
1086 1442 1390 1569 terrisgaudet,
1415 1471 1459 1525 se
1484 1441 1658 1550 dignum
1679 1442 1872 1528 reddidit

626 1715 832 1796 Habemus
860 1729 1050 1824 praeterea
1068 1716 1176 1796 inter
1203 1743 1281 1798 nce
1299 1715 1535 1822 linguarum
1552 1715 1849 1817 recentiorum,
1868 1716 1955 1793 An·
2089 1682 2093 1688 ¹

575 1835 699 1942 glicoe,
721 1839 977 1918 Germanicae
994 1855 1035 1918 et
1047 1838 1217 1944 Belgicae
1235 1841 1476 1945 magistrum
1501 1835 1851 1930 versutissimum,
1869 1856 1956 1944 quo

575 1961 637 2038 uti
665 1985 775 2038 nunc
795 1987 963 2070 quoque
994 1961 1023 2040 ii
1054 1978 1245 2070 possum,
1275 1963 1349 2070 qui
1386 1959 1576 2042 noudum
1598 1960 1696 2040 satir
1723 1970 1822 2040 sunt
1841 1984 1959 2040 exer-

576 2081 685 2158 citati
716 2080 767 2160 ad
795 2081 1107 2193 frequentandas
1139 2083 1332 2165 lectiones
1370 2108 1496 2192 super
1529 2081 1675 2164 literis
1706 2080 1877 2188 belgicis
1912 2081 1957 2160 in

575 2201 790 2284 Academia
819 2203 1062 2302 habendas„

630 2443 732 2546 Ques
754 2442 877 2550 igitur
900 2470 994 2524 cum
1014 2444 1069 2524 ita
1092 2443 1425 2550 sint,Audit01es
1451 2443 1780 2545 honoratissimi,
1799 2443 1956 2552 perspi·

577 2589 701 2644 cuum
729 2581 810 2666 est,
839 2567 1063 2646 Academioe
1080 2586 1228 2648 nostre
1244 2565 1554 2676 prosperitatem
1574 2565 1742 2648 nomisi
1760 2564 1814 2646 ab
1833 2566 1959 2651 unitis

428 2699 431 2706 “
578 2688 727 2767 nostris
756 2687 899 2768 studiis
927 2715 973 2767 ac
993 2687 1202 2770 laboribus
1228 2690 1429 2798 pendere,
1450 2689 1625 2800 quibus,
1643 2689 1850 2773 etmeritc
1868 2687 1963 2773 ticet

458 2909 463 2915 ι
577 2811 787 2913 augurari,
823 2812 1077 2888 consecuturi
1098 2837 1239 2890 sumus
1261 2812 1613 2892 etoestimationem
1629 2812 1964 2922 aequaliumquo·

578 2956 752 3036 rumque
770 2927 1096 3020 doctissimorum
1111 2949 1152 3009 et
1176 2931 1469 3040 discipulorum
1486 2959 1667 3015 amorem
1684 2952 1734 3013 et
1744 2932 1964 3018 obseritur

576 3050 695 3151 llam,
714 3048 940 3156 gratiasque
969 3048 1012 3126 in
1042 3069 1287 3153 perpetuum
1313 3082 1454 3125 summ
1481 3054 1592 3152 apud
1610 3076 1756 3129 corum
1777 3066 1966 3157 parentet

578 3171 730 3249 inituri.
764 3170 909 3279 Neque
941 3185 1077 3247 tamen
1119 3165 1207 3246 lieri
1244 3182 1398 3274 potest,
1426 3184 1474 3247 ut
1512 3168 1831 3279 uniuscujusque
1860 3172 1966 3251 votis

578 3290 870 3371 satisfaciamus.
895 3291 944 3369 ln
961 3288 1105 3396 magni
1115 3288 1289 3393 scilicet,
1306 3289 1387 3398 qui
1404 3282 1605 3369 utendum
1621 3317 1709 3371 esse
1729 3288 1961 3395 videbatur,

577 3412 860 3527 indulgendi,
887 3429 934 3494 ut
950 3410 1276 3491 adolescentibus
1297 3410 1440 3491 subtili
1466 3428 1509 3491 et
1527 3414 1712 3495 accuriti
1729 3412 1962 3523 disciplina·

545 3592 547 3595 -
578 3562 683 3639 rum
696 3536 926 3642 cognitione
944 3533 1113 3615 imbutis
1129 3532 1383 3615 vernaculam
1401 3536 1445 3614 in
1463 3535 1718 3617 examinibus
1737 3529 1963 3645 usurpandi

580 3658 738 3739 reniam
761 3657 1052 3760 tribueremus,
1079 3654 1217 3737 deesse
1236 3684 1324 3755 non
1349 3659 1506 3765 potuit,
1538 3660 1642 3770 quin
1665 3660 1711 3742 iu
1741 3659 1961 3768 repreben-

578 3780 738 3859 sionem
754 3780 1053 3859 incurreremus
1071 3780 1323 3861 severiorum
1346 3778 1503 3890 aliquot
1522 3780 1861 3865 scholasticorum.
1894 3782 1964 3868 Fa·

526 3954 530 3964 ·
579 3898 750 3982 tendum
761 3899 929 4009 quidem
938 3902 1214 3981 estseveritate
1223 3900 1304 4003 illi,
1312 3928 1394 4012 que
1413 3903 1456 3981 iu
1469 3930 1607 3985 rerum
1619 3904 1801 4013 ipserum
1822 3906 1961 4013 cogui-

580 4024 692 4103 tione
721 4021 904 4109 accurati
932 4021 1193 4130 dijudicanda
1229 4024 1293 4104 uti
1331 4027 1636 4131 renuerimus,
1667 4029 1865 4137 cujruqoe
1901 4027 1961 4109 rei

580 4144 780 4237 rationem
799 4142 969 4224 reddere
988 4143 1186 4224 debemus
1207 4162 1250 4223 et
1267 4146 1427 4226 numini
1450 4171 1642 4256 supremo
1660 4160 1708 4231 et
1724 4148 1963 4235 meino

582 4285 623 4347 et
641 4264 786 4347 nostr-re
811 4269 994 4377 ipsorum
1015 4269 1289 4371 conscientie,
1304 4272 1513 4351 meritare
1529 4270 1599 4353 illa
1616 4270 1729 4375 dieo,
1746 4288 1789 4356 et
1804 4273 1960 4380 inpos·

582 4408 716 4471 terum
741 4416 900 4499 semper
917 4393 1160 4471 connacturi
1183 4418 1323 4473 sumtu
1349 4393 1781 4501 rsprulmnuonmes
1807 4392 1960 4478 onemo

584 4540 721 4595 amore
743 4513 910 4623 proprio
933 4530 1064 4593 ortem
1084 4514 1267 4622 illorum,
1284 4518 1357 4627 qui
1385 4519 1429 4599 in
1462 4516 1629 4601 audaci
1649 4518 1866 4604 imaum
1885 4516 1957 4599 lal-
