4509 5875
640 692 937 763 euocaarma
961 696 1193 767 racoauu.
1323 748 1329 756 .
1587 724 1630 793 η

263 870 389 971 enim,
412 870 484 969 ait,
509 874 753 951 nostratium
771 880 857 953 esse
870 872 1050 978 fretum
1078 876 1207 956 Hond
1233 904 1332 957 vero
1361 878 1629 985 compositum

259 1020 345 1071 esse
377 1020 429 1071 ex
468 994 564 1077 otto
600 992 631 1072 'a
650 996 694 1072 Z
694 994 778 1073 oud
782 1026 801 1089 ;
834 1014 962 1106 atque:
991 998 1214 1103 significare
1240 1003 1403 1102 statum
1442 999 1598 1080 Ottonit
1609 1029 1627 1094 ,·

257 1115 388 1315 iudpd
390 1134 579 1222 corrupte
606 1114 727 1195 fuisse
756 1120 1071 1223 pronunciatum
1092 1120 1326 1200 Hoc-Zona
1350 1150 1396 1200 ac
1427 1128 1628 1203 eo'utraete

258 1238 327 1314 Ho
386 1296 395 1314 .
712 1238 715 1244 ’

308 1454 550 1531 Heussenius
567 1478 734 1562 quoque
752 1452 820 1532 ille
841 1454 898 1558 (1)
916 1459 1157 1533 senteutiam
1176 1475 1222 1535 ut
1241 1461 1447 1563 probaret,
1465 1488 1629 1541 omnem

255 1573 433 1683 lapidem
468 1572 667 1653 movebat.
701 1573 782 1653 Sed
818 1576 936 1653 utin
969 1573 1215 1691 conclamata
1243 1574 1330 1686 hac
1348 1606 1393 1657 re
1423 1606 1508 1659 non
1538 1580 1629 1661 diu-

255 1697 336 1776 tius
368 1694 648 1799 inhaereamus,
679 1695 772 1775 satis
806 1713 867 1774 est
898 1694 1061 1807 laudare
1088 1694 1242 1805 jurium
1266 1698 1497 1809 reipublicae
1531 1702 1629 1809 Zee-

254 1816 399 1898 landiae
417 1815 721 1920 deductionem,
741 1846 822 1927 qua
844 1816 927 1897 haec
956 1818 1183 1928 respublica
1207 1836 1402 1925 tractum,
1426 1824 1477 1904 de
1504 1828 1630 1929 Hoos·

247 1940 374 2049 plant
389 1940 566 2043 dictum,
582 1938 853 2021 siblvindieat
866 1940 945 2049 (a),
964 1959 1005 2022 et
1020 1942 1100 2055 qui
1119 1943 1240 2021 simul
1262 1947 1447 2024 omnium
1465 1946 1630 2027 illorum

211 2134 215 2139 .
254 2066 453 2143 sententia
474 2062 717 2174 exploditur.
739 2066 910 2173 lnsuper
925 2063 1027 2174 juris
1044 2064 1315 2147 vindicatione
1327 2068 1632 2176 probatur‚vel
1732 2128 1735 2133 -

252 2214 442 2297 mappam
460 2184 767 2297 geographicam
783 2186 1015 2283 Boxhornii,
1029 2217 1153 2299 quam
1172 2216 1326 2296 novum
1344 2209 1629 2297 argumentum

253 2337 339 2390 esse
367 2312 495 2418 cupit,
506 2308 645 2391 falsam
662 2338 767 2417 esse,
785 2308 1002 2423 falsamque
1013 2340 1103 2392 non
1119 2313 1256 2394 minus
1280 2340 1365 2393 esse
1390 2316 1629 2395 sententiam

252 2430 434 2540 ejusdem
451 2432 536 2511 'viri
567 2432 688 2537 clari,
711 2463 793 2547 qua
816 2434 1036 2543 probatum
1056 2434 1121 2538 iit,
1150 2433 1228 2515 hoc
1255 2432 1503 2515 occidentale
1520 2434 1628 2515 Scal-

148 2597 155 2610 s
220 2586 225 2593 ·
252 2552 318 2633 dis
341 2556 491 2635 ostium
513 2554 608 2662 (den
630 2556 743 2637 Hout
761 2556 931 2663 dictum)
952 2585 1038 2637 nou
1062 2556 1140 2637 nisi
1161 2549 1296 2663 exigui
1317 2557 1492 2638 maxime
1521 2556 1629 2637 illius

251 2674 410 2755 fluvioli
428 2676 686 2768 latitudinem
707 2696 799 2759 ante
820 2708 852 2758 a.
886 2678 984 2789 ¹377
1009 2678 1219 2776 habuisse3
1238 2703 1334 2759 nam
1355 2678 1500 2760 eodem
1521 2676 1629 2757 illius

251 2797 510 2878 deductionis
534 2800 803 2881 monumento
835 2819 958 2881 extra·
974 2800 1150 2882 dubium
1178 2825 1300 2881 omne
1317 2802 1507 2907 ponitur,
1534 2830 1628 2880 nos·

251 2936 385 3018 trum,
404 2919 455 2996 de
474 2944 558 3025 quo
569 2916 1046 3026 loquimur,primarium
1056 2914 1178 2997 firmae
1194 2919 1274 3027 jam
1289 2949 1322 3001 a.
1339 2923 1440 3031 1274
1450 2925 1601 3004 ostium
1619 2953 1627 3001 :

251 3039 413 3119 fossam.
431 3065 528 3117 vero
566 3038 831 3117 Ottonianam
866 3037 987 3118 fuisse
1029 3035 1192 3118 ductam
1229 3039 1281 3118 ab
1323 3043 1419 3121 inde
1457 3044 1628 3125 Castello

254 3159 464 3242 Gaudensi
479 3187 553 3268 per
575 3161 685 3240 vicos
704 3157 925 3240 hodiernos
945 3161 1210 3268 Ronleuyzen,
1232 3162 1444 3272 Zuytdorp
1464 3183 1504 3244 et
1523 3169 1628 3246 Axe·

256 3283 341 3364 lam
364 3299 549 3362 nostrum
569 3283 705 3362 vicum
730 3277 840 3393 (q'ui,
871 3280 994 3362 hodie
1025 3283 1138 3362 velut
1164 3283 1317 3384 insula,
1343 3312 1392 3364 eo
1429 3303 1629 3395 tempore,

252 3424 302 3489 ut
336 3405 458 3485 ceteri
487 3405 584 3506 vici,
620 3404 738 3512 plane
769 3407 813 3482 in
844 3406 1077 3484 continente
1112 3403 1189 3483 fuit
1216 3405 1353 3509 situs),
1378 3425 1500 3517 atque
1532 3437 1625 3489 eum

252 3526 445 3637 praedicto
477 3524 629 3606 Scaldis
657 3528 761 3606 ostio
780 3554 871 3606 suas
897 3528 1103 3606 miscuisse
1127 3526 1271 3607 undas.

307 3760 517 3842 Addam
534 3761 654 3840 aliam
678 3763 895 3869 rationem,
909 3769 1029 3874 iqua,
1048 3762 1149 3842 eiua
1174 3759 1277 3842 illud
1303 3774 1327 3840 'a
1351 3761 1472 3844 udbis
1488 3764 1627 3846 lauda-

254 3901 344 3964 tum
382 3884 675 3966 documentum
711 3883 1315 3997 belandeuae‚,1em,probarc
1341 3883 1428 3968 sola
1455 3885 1626 3968 uidetan

257 3997 533 4087 Gmdatensis
555 4029 704 4117 nempe
721 4008 901 4118 pagellas
922 4026 1013 4089 nte
1038 4011 1237 4089 Omnem
1255 4007 1457 4116 mbpagua
1472 4009 1625 4090 Brach-

255 4127 434 4209 batensia
463 4132 612 4228 nostti3
640 4132 707 4210 hic
734 4149 869 4212 autem
896 4161 990 4243 pars
1017 4148 1104 4212 erat
1130 4128 1295 4240 Imperii
1323 4131 1595 4238 lntlroemgici
1608 4163 1627 4212 a

251 4253 482 4361 ‘Imperium
503 4253 637 4360 ipsum
658 4253 829 4334 limitem
855 4256 1071 4340 occiduum
1097 4254 1241 4334 habuit
1270 4250 1446 4346 Scaldim
1463 4251 1628 4363 flumen,

303 4461 352 4550 (r)
373 4461 582 4530 Oudheeden
599 4485 661 4529 van
676 4462 831 4542 boland,
844 4463 883 4530 Τ.
897 4463 935 4544 l,
951 4462 1174 4554 luleyding‚§
1196 4485 1228 4528 a.

300 4599 351 4691 (a)
372 4601 472 4690 Apud
488 4603 539 4666 Da
555 4605 687 4670 llocass
708 4603 731 4670 l.
750 4601 952 4670 e.-Prodiit
963 4601 1020 4667 illa
1030 4602 1112 4684 juris
1125 4600 1305 4671 vindicatio
1320 4626 1337 4668 a
1357 4624 1450 4692 ¹7²7·

1304 4712 1337 4794 4.
