4509 5875
701 714 995 793 GEOGRAPHIA
1020 714 1251 787 PAGORUM.
1590 720 1655 802 -43

287 886 436 993 inclym
458 887 546 969 loca
573 890 791 995 continuit,
813 920 991 1002 quorum
1013 894 1097 975 haec
1122 893 1249 975 ferme
1276 898 1320 975 in
1341 895 1551 977 annalibus
1571 924 1656 977 me-

287 1027 506 1089 morantur.
533 1011 714 1091 Primum

337 1200 581 1301 Zrnm-Zaa,
616 1202 866 1310 antiquitatis
897 1206 1091 1283 memoria
1132 1205 1258 1307 clara,
1290 1207 1403 1316 cujus
1432 1209 1653 1316 primordia

282 1318 333 1409 ad
365 1346 397 1397 a.
421 1320 499 1429 849
525 1340 729 1431 reponunt
754 1325 990 1433 scriptores,
1010 1353 1189 1437 quorum
1211 1326 1420 1409 audiamus
1443 1330 1653 1411 Stoclrium

281 1440 362 1521 haec
389 1442 671 1551 perhibentem
691 1446 748 1555 (1)
771 1477 780 1525 ε

518 1663 556 1717 In
577 1660 600 1714 't
609 1659 685 1729 joar
698 1659 770 1715 eche
783 1660 886 1715 auden
898 1657 973 1727 ende
991 1674 1118 1731 negenen
1138 1658 1251 1733 cenred
1274 1660 1356 1715 mede

524 1756 600 1808 Was
616 1753 784 1825 gesundeen
802 1751 959 1810 zen-zea
978 1752 1027 1809 die
1046 1755 1126 1810 stede

518 1848 629 1919 Bycen
646 1847 694 1901 die
706 1847 841 1922 Zirinpus
859 1860 1000 1923 gennamt
1018 1868 1079 1906 was

517 1944 607 2000 Alsoo
626 1960 691 1999 men
708 1944 740 1998 in
756 1944 794 1999 de
808 1944 883 2000 nude
896 1945 1038 2018 kmnyken
1055 1948 1110 2001 las.

282 2159 286 2167 ·
330 2123 455 2228 Qu'od
488 2151 587 2205 vero
616 2141 783 2232 etymon
821 2127 929 2207 inter
969 2126 1094 2205 aniles
1130 2124 1311 2230 fabellas,
1348 2154 1651 2239 puerorumque

276 2276 424 2354 nugas,
460 2276 544 2329 non
579 2247 726 2357 injuste
754 2248 1076 2356 Snaallegangius
1099 2249 1254 2332 refert:
1279 2250 1361 2329 haec
1391 2252 1500 2330 enim
1537 2277 1648 2329 com-

276 2370 400 2451 moda
428 2389 489 2451 est
516 2370 584 2451 illa
610 2373 849 2474 nominum,
875 2371 1082 2476 locorum,
1102 2371 1355 2481 urbiumque
1377 2371 1429 2451 ab
1456 2371 1649 2452 heroibus

276 2492 591 2576 derivandorum
618 2496 683 2570 vel
717 2498 868 2573 Graecis
897 2498 1044 2577 usitata
1074 2498 1176 2576 ratio
1208 2525 1217 2573 ε
1248 2511 1497 2607 quapropter
1532 2492 1649 2572 aliam

274 2613 493 2693 audeamus
510 2612 614 2692 hanc
634 2642 644 2691 ε
664 2614 892 2714 Nimirum,
914 2642 939 2692 a
959 2621 1076 2701 Zira'k
1094 2620 1227 2717 (Sunt,
1250 2620 1322 2717 sal)
1340 2632 1381 2694 et
1405 2618 1485 2693 Zee
1509 2615 1648 2719 (mare)

274 2762 363 2815 eam
392 2734 644 2836 ducendam,
679 2736 793 2846 quasi
819 2736 997 2814 salinam
1023 2736 1153 2843 juxta
1181 2740 1438 2815 maroneam
1465 2752 1647 2815 autuma-

272 2884 373 2940 mus.
401 2861 536 2972 Atque
571 2858 650 2938 boe
676 2858 782 2940 habe
815 2857 902 2967 ejus
931 2858 1057 2965 etymi
1086 2873 1370 2964 argumentum
1393 2860 1466 2939 :in
1493 2856 1664 2968 oppido,

271 3009 418 3090 nempe
440 2983 761 3060 nommerswaat
785 3007 972 3056 mensura
1007 2981 1193 3084 qondam
1218 2979 1359 3060 salaria
1393 2983 1437 3060 iu
1466 2979 1545 3061 usu
1570 2979 1647 3060 fuit

271 3101 528 3208 lint-lopez
551 3094 760 3204 (cochlear
788 3100 872 3178 sive
900 3096 1021 3176 trulla
1048 3096 1159 3200 salis)
1186 3100 1394 3178 nominata
1416 3103 1472 3204 (2)
1493 3130 1502 3177 :
1522 3129 1646 3208 quam

270 3223 510 3305 sententiam
543 3223 745 3301 veriorem
772 3237 962 3330 praeterea
986 3218 1191 3324 ducimus,
1212 3220 1325 3331 quod
1349 3221 1393 3298 in
1416 3222 1459 3299 Z
1460 3219 1595 3299 init-Z
1596 3248 1646 3298 ea

272 3345 327 3426 ob
357 3343 625 3458 frequentiam
656 3342 746 3424 salis
769 3345 943 3450 viguisse
970 3345 1226 3447 commercia,
1256 3371 1305 3424 ex
1334 3342 1545 3456 permultis
1569 3343 1646 3453 pri-

273 3466 448 3572 vilegiis,
466 3464 586 3575 hujus
610 3466 670 3543 rei
694 3465 823 3571 gratia
852 3465 1008 3545 civibus
1027 3465 1152 3569 datis,
1181 3469 1452 3575 comperimus
1470 3466 1537 3576 (3).
1566 3469 1644 3548 Ur·

274 3585 372 3668 bem
392 3617 417 3670 a
441 3587 642 3668 Balduino
670 3589 867 3668 Insulensi
884 3605 1013 3667 castro
1035 3590 1257 3693 munitam,
1278 3590 1562 3700 moenibusque
1589 3615 1644 3668 cc.

273 3737 305 3788 a.
344 3738 445 3793 1000
472 3729 611 3791 contra
633 3708 943 3791 Flandreusium
962 3707 1118 3789 furores
1140 3710 1449 3816 circumdatam,
1468 3711 1644 3820 indeque

273 3859 370 3914 mos
392 3832 544 3924 ceteris
573 3832 824 3941 superiorem
848 3829 1008 3910 annales
1031 3831 1214 3940 produnt
1228 3834 1294 3937 (Δ).

297 4058 366 4254 [(ι)
386 4061 510 4125 Hans
533 4061 616 4127 Dict.
634 4059 725 4152 ge'og.
748 4081 772 4126 s.
794 4081 825 4126 v.
850 4058 1214 4128 litii-Zea-Anrmc
1237 4059 1369 4144 nuso,
1386 4061 1521 4130 Neritia
1540 4057 1646 4127 Germ.

273 4165 308 4228 ia
326 4212 334 4230 .
350 4164 387 4231 P.
404 4164 586 4252 11‚p.213.

320 4302 370 4393 (a)
391 4303 515 4368 Ham
532 4303 553 4367 l.
567 4302 592 4368 Ι.

319 4440 370 4534 (3)
390 4443 621 4521 Genesaram,
635 4444 832 4534 Description
845 4447 887 4511 dc
902 4446 937 4512 Ia
949 4447 1117 4536 Belgique,
1131 4469 1163 4534 p.
1181 4446 1256 4512 310.

315 4583 367 4672 (4)
388 4584 768 4676 Ἧωτιιιικῶιεσήμ.
779 4586 821 4652 da
834 4586 871 4652 Ia
890 4587 993 4654 Gaulo
1010 4586 1094 4676 Belg.
1107 4609 1134 4654 s.
1148 4609 1177 4652 a.
1197 4587 1330 4656 Wnsda.

458 4743 463 4751 ·
1452 4695 1484 4759 6.
