4509 5875
591 675 835 749 nmrortsto
859 669 922 744 sn
944 671 1110 762 Qnasr.
1136 671 1276 742 sunm.
1568 664 1617 764 57

254 875 412 958 dedisse
424 871 635 956 mulierem
646 873 819 954 fundum
832 874 877 954 in
894 870 1031 952 dotem
1047 872 1070 951 J
1072 869 1172 952 Ctus
1184 869 1290 947 clare
1299 865 1449 948 definit
1457 865 1615 946 Deinde

250 1001 446 1106 scriptum
460 1011 520 1074 est
534 997 578 1072 in
589 993 664 1072 hec
679 993 820 1072 eddcm
833 993 935 1095 lege,
949 1017 1066 1099 posse
1084 991 1273 1082 maritum
1288 985 1614 1066 fundumaTitio

249 1113 556 1222 evocare3quod
565 1139 649 1194 non
658 1110 976 1219 posset,sifundi
987 1110 1214 1190 dominium
1223 1125 1363 1188 nactus
1372 1120 1455 1188 non
1466 1106 1621 1188 fuisset.

112 1329 116 1334 ,
248 1231 889 1342 PraetercaJCtusponitsundum
898 1230 1074 1312 dotalem
1085 1229 1614 1332 essecommmumpedfun-

249 1359 349 1442 dum
362 1355 538 1438 dotalem
549 1357 606 1438 sic
624 1355 857 1462 accipimus,
877 1379 971 1432 cum
990 1350 1220 1436 dominium
1237 1351 1382 1434 marito
1400 1351 1614 1461 quesitum

249 1497 323 1580 ost,
333 1479 503 1563 docente
512 1481 555 1560 L.
572 1477 619 1562 ιδ
636 1481 663 1582 §
685 1475 758 1560 aff.
780 1474 832 1557 de
846 1473 958 1559 fund.
978 1473 1125 1560 dotali:

303 1707 555 1819 Contrariam
576 1704 815 1782 sententiam
838 1699 1078 1782 sustinentes
1098 1696 1208 1784 hisce
1225 1702 1375 1782 nostris
1398 1723 1611 1808 argumen-

253 1828 305 1906 tis
329 1825 556 1933 objiciunt:

301 2035 551 2143 Principium
565 2033 667 2141 juris
694 2060 800 2132 esse,
828 2051 875 2115 ut
892 2035 927 2115 si
947 2035 1039 2146 quis
1064 2057 1153 2112 rem
1178 2031 1230 2112 ab
1252 2056 1303 2111 co
1327 2033 1400 2141 qui
1428 2030 1615 2110 doninus
1731 2090 1734 2094 -

249 2180 334 2234 non
362 2170 423 2234 est
444 2154 631 2235 traditam
659 2157 845 2265 accipiat,
870 2155 984 2263 cujus
1015 2153 1557 2262 dominiumacquisivisset,
1579 2153 1614 2232 si

248 2301 369 2354 verns
391 2277 519 2384 ipsam
538 2274 728 2357 dominus
745 2275 994 2371 tradidisset,
1012 2277 1103 2355 loeo
1130 2275 1301 2355 dominii
1322 2276 1502 2383 acquirat
1523 2299 1615 2351 con·

250 2395 450 2476 ditionem
481 2389 753 2498 usucapiendi.
779 2391 903 2499 Atqui
925 2391 958 2469 si
985 2388 1071 2470 fieri
1097 2413 1252 2498 posset,
1274 2394 1385 2499 quod
1412 2423 1487 2472 nos
1507 2389 1613 2472 affir-

189 2607 194 2615 ,
248 2541 423 2610 mamus,
442 2528 489 2591 ut
510 2513 569 2591 rei
594 2509 822 2591 dominium
841 2510 1103 2592 transferatur
1124 2539 1210 2593 non
1232 2511 1422 2592 translati
1440 2539 1513 2619 per
1533 2529 1612 2592 tra·

249 2635 449 2716 ditionem
482 2633 755 2741 possessione;
778 2630 880 2710 illud
906 2632 1153 2740 principium
1189 2629 1374 2730 falleret,
1410 2631 1613 2742 siqnidem

249 2785 295 2836 re
317 2785 340 2834 a
361 2781 447 2834 non
473 2752 641 2834 domino
671 2752 817 2832 tradita
839 2780 884 2832 ac
907 2756 1159 2862 possessione
1190 2753 1276 2863 ejus
1302 2781 1387 2833 non
1410 2756 1613 2854 translatd,

247 2875 361 2986 cujus
391 2877 591 2986 accipiens
616 2874 844 2958 dominium
871 2891 1010 2957 nactus
1039 2892 1163 2980 esset,
1189 2892 1237 2955 ut
1255 2877 1405 2977 aimus,
1433 2879 1467 2958 si
1493 2904 1615 2960 verus

246 3027 338 3079 eam
356 3000 547 3081 dominus
564 2998 806 3098 tradidisset,
824 2998 1003 3079 conditio
1017 2996 1279 3103 usucapiendi
1298 3003 1509 3107 accipienti
1527 3029 1612 3081 non

246 3121 478 3227 acquiratur
499 3111 554 3197 ob
577 3114 830 3188 deficientem
846 3120 997 3189 scilicet
1009 3118 1302 3219 possessionem
1313 3121 1381 3221 (1).
1398 3119 1479 3195 Sed
1498 3123 1612 3223 prin·

248 3240 404 3344 cipium
431 3258 518 3315 non
540 3229 659 3329 fallit,
679 3230 713 3310 si
736 3256 785 3309 eo
806 3232 1044 3339 accipiatur,
1070 3258 1154 3344 quo
1176 3233 1301 3311 modo
1324 3236 1452 3344 accipi
1471 3233 1613 3342 debet,

244 3362 303 3439 ita
320 3384 484 3465 nempe,
505 3369 553 3433 ut
571 3370 671 3432 tunc
689 3350 854 3431 demum
866 3353 1072 3461 procedat,
1093 3356 1129 3435 si
1146 3372 1285 3435 coetcra
1302 3354 1434 3437 adsint
1450 3385 1540 3468 quae
1559 3358 1612 3439 ad

245 3480 537 3586 usucapionem
567 3470 846 3554 desiderantur
880 3476 1092 3585 requisita,
1121 3474 1272 3556 scilicet
1304 3479 1339 3557 si
1373 3478 1482 3559 bona
1513 3476 1612 3559 fides

246 3598 352 3681 adsit
369 3615 410 3677 et
427 3597 624 3707 possessio
637 3612 784 3702 praeter
801 3595 982 3695 titulum3
998 3596 1070 3680 sed
1089 3600 1133 3679 in
1150 3626 1247 3680 casu
1264 3598 1376 3681 deest
1391 3603 1611 3708 possessio,
1748 3676 1751 3683 .

246 3748 344 3829 ergo
371 3747 455 3801 non
479 3734 539 3799 est
561 3715 789 3826 applicandi
812 3718 936 3801 locus.

299 3944 508 4054 Objiciunt
532 3946 652 4023 etiam
679 3943 762 4023 haec
786 3944 928 4052 legis3
956 3952 981 4047 §
1008 3975 1022 4026 1
1049 3946 1090 4027 ff.
1120 3948 1173 4027 de
1197 3963 1270 4028 aot
1302 3964 1423 4056 empt
1452 3948 1606 4043 verba:

247 4099 269 4143 ι
291 4068 327 4145 si
342 4062 615 4173 qutifimdum
634 4064 729 4145 dari
737 4068 963 4177 stipuletur,
972 4098 1154 4151 vacuom
1170 4098 1326 4178 quoque
1329 4074 1610 4179 possessionem

244 4186 344 4268 dari
364 4188 539 4295 oportere
566 4188 752 4296 capulari
772 4192 1009 4301 intelligitur.
1038 4225 1058 4268 s
1085 4190 1203 4323 Unde
1224 4191 1436 4297 colligunt,
1454 4194 1513 4273 rei
1532 4192 1607 4275 do·
1690 4185 1694 4191 ’

287 4430 473 4603 1?ng·
494 4433 571 4500 loco
594 4431 683 4501 laud.
704 4430 791 4501 nisus
809 4458 874 4525 arg.
897 4436 933 4501 t.
957 4458 1009 4515 rr,
1035 4444 1051 4512 ς
1075 4458 1089 4500 ι
1114 4432 1151 4499 ft.
1173 4435 1215 4503 de
1229 4436 1297 4503 act.
1316 4454 1414 4529 empt
1433 4456 1467 4506 et
1487 4440 1522 4506 1,
1541 4440 1605 4519 46,

252 4561 267 4604 ι
315 4584 323 4603 .
362 4554 488 4605 sevrct.
1364 4560 1366 4565 ·

371 4646 418 4715 11.
1315 4660 1320 4666 '
1393 4649 1415 4719 8
