4509 5875
634 688 659 761 6
991 686 1211 759 IOANNIS
1233 684 1486 765 BdPTlSTAE
1510 682 1685 754 ΜΟΤΤΕ

632 891 806 948 numero
833 864 955 968 longe
981 866 1101 971 plura
1125 890 1252 975 quun
1279 849 1347 941 illa
1369 882 1469 941 sima
1489 884 1580 970 quse
1605 866 1649 937 in
1671 887 1812 939 sensus
1836 858 2000 943 senachi-

631 988 725 1069 liter
737 1001 879 1094 agunt3
897 982 1007 1065 nnde
1026 986 1227 1091 sequitur,
1248 985 1437 1062 intimam
1450 1010 1588 1061 rernm
1610 996 1798 1061 naturam
1818 1008 1898 1093 ope
1915 1010 2002 1063 sen·

632 1136 755 1191 snum
772 1135 845 1190 aen
862 1132 937 1215 per
959 1104 1283 1187 observationem
1310 1101 1445 1209 detegi
1470 1129 1555 1184 non
1581 1128 1711 1213 posse.

682 1352 868 1460 Corpora
891 1364 1026 1429 autem
1051 1350 1205 1459 quaevis
1232 1365 1328 1429 sunt
1355 1350 1465 1433 entia
1496 1349 1772 1455 contingentia
1800 1364 1843 1427 et
1872 1360 2002 1429 muta-

628 1472 743 1570 bilia,
761 1488 928 1582 possent
944 1498 1028 1549 non
1051 1497 1154 1567 esse,
1174 1470 1289 1549 aliter
1309 1496 1393 1549 esse
1414 1488 1618 1579 poterant,
1638 1498 1763 1579 qnam
1780 1486 1872 1549 actu
1890 1486 2002 1569 sunt,

629 1596 755 1699 igitur
769 1592 938 1671 ¹discere
964 1592 1104 1700 qualia
1133 1593 1215 1668 sint
1243 1616 1330 1667 non
1357 1616 1594 1697 possumus,
1617 1594 1696 1668 nisi
1719 1590 2004 1671 observatione

630 1732 673 1794 et
692 1713 951 1822 experientia.
979 1713 1053 1791 liae
1073 1727 1170 1791 sunt
1192 1711 1325 1791 omnis
1346 1709 1532 1817 physices
1555 1708 1837 1811 fundamenta,
1858 1715 2005 1823 etipsa

630 1834 805 1945 proinde
819 1832 1145 1942 eipemmentahs
1163 1848 1224 1913 est
1240 1832 1426 1927 scientia;
1441 1829 1538 1937 ergh
1557 1831 1610 1911 de
1624 1832 2005 1940 corporum-natura

628 1956 733 2037 nihil
754 1982 787 2034 ιι
799 1958 1030 2065 pectorosi,
1063 1970 1105 2035 et
1137 1954 1240 2035 nihil
1268 1982 1300 2033 a
1320 1956 1453 2063 pn'on‘
1476 1980 1719 2060 cognoscere
1751 1954 1865 2050 licet;
1894 1955 2004 2039 unde

627 2078 771 2159 intima
797 2104 942 2157 eornm
970 2093 1116 2159 namra
1146 2104 1305 2186 semper
1334 2077 1489 2157 homini
1525 2077 1706 2157 manebit
1736 2076 1918 2183 ignota,
1928 2104 2004 2158 nec

628 2216 766 2280 certus
785 2202 880 2309 quis
905 2226 992 2279 esse
1014 2216 1163 2309 potest,
1185 2228 1238 2281 an
1262 2226 1399 2283 veram
1422 2198 1475 2281 de
1494 2200 1662 2281 materid
1677 2198 1810 2281 ideam
1835 2198 2017 2357 haheat,

631 2320 962 2429 dynamicussit,
978 2323 1065 2405 sive
1081 2323 1277 2407 ammissa

526 2541 531 2555 ’
682 2550 959 2633 Observatum
967 2567 1043 2651 est,
1057 2554 1269 2633 materiam
1277 2555 1452 2635 mertem
1461 2553 1647 2655 essc,hoc
1656 2552 1839 2665 estquod
1847 2554 2003 2633 nullam

628 2668 776 2751 habeat
794 2674 1019 2779 potentiam
1035 2702 1080 2755 se
1098 2692 1244 2782 sponte
1263 2672 1560 2755 determinandi
1581 2672 1632 2753 ad
1649 2675 1916 2755 mutationem
1936 2676 2002 2755 sui
2052 2766 2057 2773 ,

625 2808 761 2873 status
779 2793 928 2873 lnertia
949 2794 1032 2875 haec
1052 2822 1312 2905 nequaquam
1336 2812 1397 2877 est
1418 2796 1552 2905 aliqua
1576 2798 1754 2877 materiae
1776 2797 2006 2904 proprietas

627 2914 820 3024 positiva,
837 2914 911 2996 sed
933 2920 1072 3026 potins
1088 2919 1151 2997 uti
1170 2915 1350 2998 defectus
1367 2919 1628 3025 proprietatis
1650 2912 1861 3018 cuiusdam
1878 2917 2008 2998 consi·

627 3035 810 3118 deranda
828 3053 907 3133 est;
927 3037 1198 3146 quamobrem
1219 3063 1305 3112 non
1325 3039 1432 3112 bene
1455 3035 1743 3112 consociantur
1759 3037 1925 3116 termini
1944 3041 2007 3118 vis

621 3159 793 3238 »inercie
815 3157 859 3236 si
881 3159 1048 3237 materia
1066 3157 1176 3236 iners
1199 3181 1284 3235 non
1306 3171 1429 3253 esset,
1455 3154 1561 3262 leges
1584 3171 1738 3236 naturae
1763 3183 1849 3238 non
1872 3177 2007 3242 essent

627 3276 903 3360 immutabiles
928 3307 975 3358 ac
1001 3280 1256 3378 necessasia,
1276 3295 1317 3358 et
1344 3276 1523 3384 legalitas
1551 3293 1705 3358 naturas
1733 3281 1890 3389 percipi
1917 3309 2005 3362 non

626 3414 783 3508 posset;
802 3396 938 3478 dicere
958 3415 1094 3486 tamen
1116 3399 1231 3499 licet,
1256 3397 1372 3512 quod
1397 3402 1564 3482 materia
1590 3417 1742 3482 statum
1766 3427 1889 3482 suum
1916 3405 2004 3486 sive

626 3539 764 3601 motus
788 3523 874 3604 sive
904 3523 1056 3631 quietis
1082 3524 1192 3604 certa
1224 3525 1265 3604 vi
1298 3539 1460 3606 tueatur
1491 3523 1582 3631 (1),
1605 3551 1700 3604 cum
1722 3523 2003 3608 observatione

627 3661 804 3785 constet,
828 3643 942 3756 quod
968 3673 1119 3751 corpus
1142 3663 1303 3733 motum
1328 3646 1443 3728 nihil
1456 3645 1655 3747 deperdat
1680 3645 1846 3726 mum
1858 3663 1999 3744 motu,

627 3769 707 3846 nisi
736 3771 782 3846 in
812 3783 1015 3877 qnantum
1040 3764 1157 3844 alteri
1186 3763 1351 3872 corpori
1379 3762 1669 3860 communicat,
1700 3778 1771 3842 aut
1799 3764 1843 3844 in
1871 3763 1998 3848 altero

627 3915 800 3998 corpore
824 3887 1017 3986 destruit,
1044 3857 1199 4026 pariter
1222 3882 1336 3996 quod
1356 3911 1506 3993 corpus
1534 3887 1747 3996 quiescens
1770 3887 1815 3967 in
1839 3901 1998 3970 motum

627 4035 714 4091 non
730 4009 1027 4113 deducatur,
986 4035 1065 4088 nasi
1053 4006 1329 4100 destruendo
1347 4004 1599 4088 tantumdem
1608 4023 1743 4088 motus
1755 4010 1800 4089 in
1819 4007 1900 4092 alio
1916 4037 2001 4092 cor·

627 4153 740 4236 pore.
749 4134 966 4216 Possumus
984 4131 1107 4210 etiam
1122 4131 1334 4210 materiam
1353 4127 1608 4212 considerare
1619 4148 1815 4242 tanquam
1828 4131 1999 4220 substra-

629 4264 742 4348 tum,
761 4256 829 4332 cui
847 4258 955 4336 vires
971 4254 1098 4336 insint
1114 4269 1185 4334 ant
1205 4269 1487 4364 permanenter
1507 4272 1577 4335 aut
1598 4255 1839 4338 transitorie.

672 4527 725 4620 (ι)
745 4528 782 4599 r.
803 4527 844 4600 c.
865 4529 1028 4612 rm,
1046 4538 1102 4603 sn
1119 4537 1216 4625 prm
1232 4506 1485 4644 scamnum}
1504 4535 1600 4626 mys.
1621 4538 1659 4604 r.
1673 4537 1699 4602 1.
