4509 5875
859 648 1170 721 rnnrtrro.
1604 658 1659 722 11
1769 740 1773 745 ‚

369 774 631 923 Aquibus
654 804 780 873 curn
799 770 961 877 allata
983 798 1121 887 essct
1142 808 1378 914 congrua
1400 790 1526 904 cum
1550 809 1666 877 nos·

301 944 382 1023 tra
410 913 729 1057 cogitatione
752 916 1031 1051 responsio
1046 909 1156 1058 (2),
1178 914 1438 1017 continuo
1466 914 1523 1015 in
1549 951 1664 1017 rem

298 1056 646 1203 perreximus.
1062 1168 1065 1177 ‚

367 1196 507 1297 Hinc
538 1190 724 1297 adme
761 1186 1049 1295 mittebant
1082 1186 1403 1332 amplissimi
1437 1217 1489 1293 et
1513 1216 1665 1295 anstu-

297 1334 581 1441 matissimi
624 1330 836 1476 collegae
879 1330 1020 1456 mei,
1071 1368 1371 1475 eorumque
1411 1329 1660 1493 plurimi,

296 1476 543 1623 interque
584 1512 674 1581 eos
703 1468 958 1577 nonnulli
979 1472 1147 1635 pluam
1182 1470 1573 1615 disputatroncs
1612 1470 1664 1569 in

293 1653 514 1719 comessa
527 1614 889 1759 (incipientum,
911 1611 1007 1715 ubl
1021 1614 1224 1757 primas
1241 1608 1665 1753 auspicabantur

295 1748 575 1877 lectiones,
599 1755 818 1897 publice
840 1750 1144 1901 praelectas:
1170 1751 1331 1853 ceteri
1356 1748 1499 1849 ultro
1528 1748 1663 1849 mihi

295 1928 442 2011 suas,
489 1896 899 2126 quamprimum
946 1915 1196 2033 possent,
1242 1884 1530 1992 mittendas
1568 1922 1664 1987 seu

297 2064 509 2151 coram,
543 2063 637 2127 scu
697 2027 843 2129 iteris
917 2033 1294 2133 romiserunt.·
1348 2068 1353 2076 ·

361 2165 603 2270 latereni
645 2202 724 2275 se,
743 2196 855 2299 quo
917 2162 1368 2300 scdpsera111(3)‚
1387 2201 1447 2258 ac
1470 2156 1662 2263 eodem

292 2202 853 2439 modopraeldgeram,
888 2293 1026 2533 tppis
1056 2291 1205 2420 dedi,
1245 2334 1314 2401 ne
1343 2321 1555 2441 tempus
1594 2296 1663 2400 ad

292 2428 589 2545 exarandas
613 2427 847 2579 reliquas
875 2472 904 2536 c
930 2432 1195 2537 aberctur.

362 2574 467 2676 Sed
489 2571 622 2713 quid
639 2575 831 2717 quaeris
851 2574 873 2661 Ρ
893 2572 992 2662 Vel
1021 2610 1144 2667 eam
1168 2573 1382 2673 fortuna
1399 2612 1551 2718 spem
1575 2571 1662 2676 de-

289 2712 603 2854 lusitatque,
622 2726 682 2805 ut
695 2698 1113 2804 luculentoshoc
1129 2710 1310 2805 statim
1326 2714 1505 2845 primo
1520 2751 1663 2828 anno

180 2899 182 2902 ·
289 2852 507 2963 ederem
537 2838 807 2965 Annales,
837 2839 929 2984 pia
959 2836 1126 2940 modo
1148 2866 1272 2941 vota
1301 2843 1465 2946 fuere.

361 2991 503 3112 Nam
517 2980 613 3085 ubi
627 3004 819 3127 praeter
840 2978 1158 3122 opinionem
1169 2983 1375 3126 -7-quia
1390 2983 1662 3089 Universi·

290 3132 414 3238 tatis
458 3120 822 3268 typographus
853 3120 1099 3226 inomni
1135 3120 1315 3262 potius
1352 3121 1457 3224 alia
1492 3122 1659 3251 urbe,

292 3306 461 3418 quam
482 3269 748 3365 innostra
772 3258 1113 3366 domicilium
1138 3300 1299 3364 suum
1315 3261 1660 3368 habet-illa
1746 3337 1752 3345 -

292 3402 483 3555 paullo
515 3398 720 3500 tardius
761 3397 1241 3546 progrederentur3
1272 3403 1476 3506 interea
1513 3443 1544 3505 a
1572 3406 1662 3504 vi-

295 3544 430 3651 cinis
447 3533 754 3642 Academiis
778 3535 846 3638 ad
870 3577 969 3640 nos
990 3535 1196 3679 perlata
1213 3565 1340 3642 sunt
1360 3539 1658 3644 Annalium

294 3680 603 3803 volumina,
634 3681 870 3824 quorum
893 3673 1085 3801 index,
1110 3717 1282 3822 quum
1306 3679 1452 3782 idem
1474 3703 1528 3784 et
1548 3676 1660 3783 illic
1687 3792 1691 3801 ,

297 3827 410 3930 sine
431 3820 587 3923 venia
604 3818 803 3920 factum
825 3816 1162 3943 videremus,
1186 3817 1336 3964 quod
1360 3816 1517 3921 nobis
1543 3857 1663 3922 auc·

297 3964 510 4070 toritate
534 3959 633 4059 fuit
654 3995 995 4086 concessum,
1020 3995 1119 4062 nos
1144 3959 1202 4060 in
1225 3959 1411 4063 nostro
1433 3958 1660 4063 consilio

298 4142 361 4210 eo
394 4097 941 4240 magis,confirmarit-.
1020 4095 1021 4098 ‘

370 4243 576 4343 Verum
599 4240 744 4339 enim
777 4235 1116 4381 vero'paullo
1147 4263 1270 4384 post
1297 4264 1443 4343 certo
1465 4241 1659 4342 certius

344 4435 394 4519 (a)
415 4388 467 4500 rte
484 4430 591 4496 dicam
609 4428 766 4518 obligatio
782 4451 841 4520 per
853 4427 998 4518 edictum
1011 4433 1133 4498 minist.
1147 4434 1189 4498 26
1211 4435 1286 4500 lun.
1303 4433 1405 4513 asts,
1420 4445 1461 4497 αθ
1474 4431 1549 4498 653.

347 4535 548 4626 (3)Dialogos
564 4555 685 4624 nempe
705 4535 764 4612 111,
783 4536 840 4623 qui
863 4535 933 4602 Clio
955 4538 1188 4630 inscribuntur.
1336 4613 1340 4622 ¹

707 4654 710 4664 ¹
1440 4649 1470 4693 a.
