4509 5875
634 669 888 740 MONITUM
918 670 989 736 AB
1014 670 1299 744 LECTOREM.
1590 662 1659 758 69

285 852 328 928 in
355 847 633 928 successorem
656 848 913 928 transferrem
942 865 982 928 et
1007 849 1171 956 praemia
1194 844 1549 949 Adolescentibus‚
1580 847 1653 954 qui

286 970 414 1075 Regia
440 968 675 1050 liberalitate
704 997 727 1047 a
753 970 921 1074 singulis
941 969 1167 1049 Ordinibus
1187 968 1300 1073 digni
1322 984 1454 1048 essent
1468 966 1656 1076 judicati,

285 1091 459 1169 solemni
493 1117 571 1170 usu
599 1092 855 1197 impertirer;
887 1089 997 1170 ecce!
1017 1118 1090 1170 nec
1118 1091 1277 1195 opinata
1297 1117 1363 1168 me
1390 1107 1574 1197 tempora
1600 1118 1658 1169 re·

283 1227 411 1318 pente.
431 1210 526 1288 hinc
556 1227 794 1312 evocarunt,
823 1227 865 1288 et
890 1210 1063 1290 arduum
1092 1235 1241 1289 munus
1260 1238 1306 1289 ac
1326 1209 1513 1306 difficile,
1544 1210 1657 1320 quod

286 1359 425 1410 recens
438 1330 537 1409 mihi
558 1348 644 1410 erat
659 1333 895 1440 impositum
912 1348 1125 1441 totumque
1144 1357 1210 1409 me
1228 1346 1468 1438 occupatum
1478 1330 1657 1428 tenebat,

282 1470 442 1534 tantum
466 1452 620 1551 aberat,
643 1470 690 1533 ut
715 1471 949 1564 exoptatum
979 1452 1202 1534 meditandi
1232 1453 1364 1532 otium
1393 1451 1657 1560 relinqueret,

287 1590 335 1653 ut
354 1573 418 1654 vel
439 1573 609 1682 simplex
627 1578 887 1682 praemiorum
908 1574 1140 1654 distributio
1159 1603 1204 1652 ac
1229 1577 1409 1654 muneris
1429 1573 1658 1653 Academici

250 1701 252 1706 ’
291 1696 494 1775 abdicatio
517 1698 740 1803 praestituto
765 1697 830 1776 dic
854 1697 940 1776 fieri
960 1724 1070 1777 ame
1088 1698 1297 1804 nequiret,
1321 1696 1456 1775 sedin
1478 1695 1659 1777 medium

284 1845 438 1897 annum
451 1817 735 1898 Academicum
753 1837 856 1898 esset
875 1819 1105 1900 differenda.
1116 1822 1256 1930 Itaque
1270 1821 1398 1898 invito
1412 1819 1658 1926 mibisuper·

212 1933 215 1938 ’
284 1939 509 2020 sedendum
533 1957 621 2019 'crat
646 1942 829 2021 oratione
854 1943 1088 2049 copiosiori,
1118 1942 1200 2052 qua
1236 1939 1371 2020 locum
1401 1939 1579 2049 aliquem
1607 1968 1656 2019 ex
1743 2042 1747 2048 .
1815 1975 1821 1983 ·

285 2061 333 2138 ed
368 2063 454 2168 ipsa
494 2090 619 2171 quam
650 2061 843 2170 profiteor
872 2064 1081 2172 disciplina
1112 2069 1169 2144 ita
1203 2091 1311 2143 eram
1333 2078 1588 2159 tractaturus,
1608 2079 1656 2141 ut

284 2181 511 2262 Academiae
542 2185 650 2265 illius
678 2189 963 2296 antiquissimae
997 2188 1190 2293 splendor
1216 2204 1257 2265 et
1283 2186 1411 2290 gloria
1429 2183 1655 2265 desiderare

288 2303 544 2385 videbantur.
570 2309 714 2417 Neque
742 2307 812 2387 has
847 2335 954 2389 meas
981 2311 1227 2388 narrationes
1254 2336 1347 2386 cum
1377 2308 1654 2414 praestantissi-

291 2426 371 2504 mis
397 2427 476 2506 illis
503 2429 774 2533 orationibus,
801 2457 892 2540 quaa
917 2459 939 2510 a
962 2430 1258 2511 Pr0fessoribus
1278 2429 1654 2537 septentrionalium

291 2543 413 2653 hujus
435 2549 563 2655 Regni
584 2549 887 2632 Academiarum
906 2552 1050 2634 iisdem
1070 2551 1440 2661 opportunitatibus
1460 2554 1504 2629 in
1525 2551 1659 2630 lucem
1763 2604 1767 2615 ·

292 2667 493 2772 eduntur,
519 2669 599 2749 ulla
635 2699 683 2750 ex
720 2690 832 2779 parte
860 2701 976 2782 posse
1019 2676 1261 2782 comparari,
1293 2702 1376 2782 prae
1406 2673 1584 2752 meiero
1616 2689 1657 2752 et

286 2788 420 2870 fateor
447 2794 632 2897 ingenue.
665 2794 853 2895 Quorum
884 2823 977 2875 cum
1005 2797 1244 2907 exquisitam
1270 2795 1540 2893 eruditionem
1568 2809 1657 2871 tum

286 2916 432 2993 miram
456 2915 674 3025 quamdam
700 2914 860 2997 dicendi
883 2917 1111 2998 facultatem
1136 2935 1177 2998 et
1194 2921 1351 3026 copiam
1369 2934 1416 2997 ut
1439 2913 1657 3027 aliquando

286 3048 330 3114 et
350 3037 425 3144 ipsi
445 3066 718 3148 assequamur,
738 3056 780 3118 et
796 3040 1055 3119 vehementer
1067 3058 1253 3149 optamus
1264 3058 1304 3119 et
1312 3042 1506 3121 acerrimo
1520 3036 1655 3119 studio

288 3155 582 3236 contendimus.
605 3162 735 3267 Atque
745 3159 829 3238 haec
839 3179 954 3262 sunt,
972 3189 1063 3269 quae
1076 3179 1123 3240 ut
1134 3161 1184 3240 de
1194 3161 1353 3240 duabus
1364 3163 1464 3238 meis
1475 3160 1655 3238 oratiun-

287 3276 391 3355 culis
418 3304 647 3375 monerem,
676 3294 715 3356 et
744 3278 868 3384 ipsius
895 3282 1016 3360 officii
1037 3285 1138 3361 ratio
1167 3299 1208 3361 et
1236 3278 1460 3360 Academiae
1481 3278 1654 3384 dignitas

290 3412 334 3474 et
351 3398 605 3504 Collegarum
623 3402 956 3482 Doctissimorum
970 3386 1213 3485 existimatio
1226 3405 1382 3508 exigere
1396 3400 1649 3482 videbantur.
