4509 5875
656 621 703 702 clo
890 617 1137 688 GUILIELMI
1160 615 1259 686 CAR.
1284 618 1400 688 vlcr.
1422 618 1519 690 van
1542 620 1635 690 DEN
1659 621 1779 690 DALE

701 797 781 876 Sed
797 797 978 876 omnino
998 797 1096 876 liber
1117 820 1203 876 esse
1223 824 1445 880 consensus
1462 825 1548 878 non
1572 798 1715 898 debet,
1744 800 1786 877 vi
1809 799 1916 878 enim
1936 819 2004 880 aut

653 938 766 1000 metu
783 937 963 1001 extortus
983 949 1202 1004 consensus
1224 924 1350 1005 etiam
1362 949 1578 1006 consensus
1594 939 1675 1026 est,
1696 924 1744 1000 vi
1757 921 1908 1002 seilicet
1920 949 2003 999 coro

648 1041 850 1122 dimanat
884 1072 973 1153 quae
1007 1045 1179 1126 infertur
1202 1044 1254 1124 ad
1290 1071 1529 1126 consensum
1553 1042 1908 1154 extorquendum,
1926 1068 2008 1122 non

644 1167 690 1244 ni
711 1165 898 1244 absolute
922 1167 1003 1274 qud
1029 1169 1115 1246 sine
1138 1193 1339 1246 consensu
1352 1165 1594 1274 proceditur.
2072 1159 2078 1171 ”

695 1373 836 1486 Itaque
858 1375 931 1456 ubi
954 1376 1045 1488 quis
1056 1404 1144 1457 rem
1163 1401 1276 1456 suam
1293 1376 1450 1456 tradere
1468 1394 1629 1457 coactus
1655 1379 1696 1459 vi
1716 1375 1899 1457 absoluta
1916 1374 2007 1452 fue·

641 1495 713 1593 rit,
734 1495 791 1572 ibi
808 1525 882 1574 nec
900 1521 1117 1574 consensus
1138 1493 1182 1570 in
1202 1493 1502 1571 translationem
1527 1499 1721 1594 dominii,
1740 1519 1815 1570 nec
1833 1494 2007 1598 proinde

642 1611 811 1693 dominii
832 1612 1037 1696 translatio
1061 1615 1298 1722 coneipitur.
1323 1617 1396 1692 Ast
1424 1615 1457 1690 si
1479 1613 1570 1724 quis
1594 1611 1646 1690 ad
1674 1611 2008 1692 consentiendum

641 1737 685 1814 in
709 1737 1009 1818 translationem
1028 1737 1198 1819 dominii
1217 1737 1258 1816 ri
1279 1735 1550 1816 conditionati
1568 1762 1640 1815 seu
1663 1743 1774 1814 metu
1788 1739 1903 1842 (nam
1922 1733 2007 1814 haee

642 1859 949 1964 confundimus)
969 1861 1167 1969 impulsus
1187 1887 1275 1940 rem
1296 1886 1345 1939 eo
1366 1857 1512 1938 affectu
1539 1856 1772 1956 tradiderit,
1793 1859 1851 1938 rei
1874 1855 2004 1937 domi-

597 2018 600 2027 ·
640 1982 755 2084 nium
774 1981 1009 2064 translatum
1035 2011 1119 2064 esse
1140 1971 1400 2086 sustinemus,
1420 1999 1462 2063 et
1481 1981 1755 2090 probabimus.

691 2187 897 2270 Nimirum
922 2213 1140 2268 consensus
1157 2189 1198 2268 vi
1218 2205 1288 2268 aut
1313 2192 1625 2269 metu‘eiitortus
1650 2215 1736 2269 non
1754 2185 1850 2268 iden
1868 2189 2009 2267 minus

643 2338 860 2393 consensus
878 2329 937 2393 est
955 2372 967 2415 ‚
986 2315 1087 2423 quin
1106 2313 1190 2392 imo
1208 2328 1366 2392 tantum
1388 2311 1523 2415 abest,
1540 2327 1587 2390 ut
1606 2311 1667 2391 via
1685 2328 1756 2392 aut
1769 2326 1902 2392 metus
1917 2337 2010 2390 con·

640 2457 803 2514 sensum
826 2432 1070 2544 impediant,
1089 2453 1137 2514 ut
1154 2450 1296 2515 contra
1313 2461 1554 2514 consensum
1573 2433 1796 2537 adducant,
1823 2435 1894 2542 qui
1919 2434 2008 2514 sine

586 2623 590 2631 .
638 2556 679 2632 vi
692 2571 769 2636 ¹aut
779 2573 891 2635 metu
904 2557 1059 2664 positus
1068 2583 1152 2635 uon
1163 2555 1302 2636 fuisset
1315 2582 1325 2654 ;
1341 2571 1382 2635 et
1401 2583 1545 2636 verum
1560 2553 1729 2666 quidem
1744 2572 1817 2651 est,
1831 2557 1915 2632 rim
1933 2571 2009 2634 aut

638 2693 790 2756 metum
818 2676 961 2762 tollere
992 2705 1208 2764 consensus
1235 2677 1483 2781 libertatem,
1499 2675 1571 2757 sed
1595 2694 1757 2756 coaetus
1783 2701 2005 2755 consensus

638 2801 759 2877 etiam
777 2817 1089 2902 consensuum,
1108 2797 1169 2884 uti
1189 2799 1221 2886 J.
1245 2799 1288 2879 G
1307 2797 1656 2907 Pinnnshabet(r)
1671 2828 1681 2879 :
1697 2831 1718 2874 (t
1739 2801 1950 2907 Quemvis,
1968 2802 2006 2877 si

636 2917 801 2996 liberum
829 2940 944 3007 erm,
962 2921 1191 3004 mlaheem,
1216 2939 1531 3001 mecaenas
1551 2921 1674 3003 volui.
1713 2955 1734 2997 s
1774 2920 1853 3003 Cui
1887 2948 2000 3001 acee-

635 3034 740 3115 dunt
774 3038 1041 3143 interpretum
1088 3036 1319 3135 sententie,
1358 3049 1486 3143 utque
1511 3040 1714 3138 imprimis
1738 3048 1895 3115 emm
1918 3046 2005 3119 haee

531 3202 534 3207 ·
635 3156 781 3264 scripta
798 3156 854 3263 (a)
874 3185 883 3234 ε
903 3189 924 3229 <t
945 3156 1165 3235 consensus
1183 3154 1248 3232 tte
1268 3152 1404 3257 adest,
1426 3154 1498 3231 obi
1512 3152 1613 3261 quid
1628 3170 1739 3232 metu
1755 3174 1909 3262 gestum
1925 3179 1997 3254 est,

638 3306 766 3389 neque
785 3276 1080 3373 conditionalis,
1103 3281 1163 3357 uti
1185 3276 1304 3365 modo
1334 3279 1376 3356 in
1394 3294 1553 3355 errante
1571 3275 1816 3373 debebamus,
1840 3281 1911 3382 sed
1924 3284 2002 3361 ab·

638 3400 797 3481 solutus.
817 3432 838 3475 s
855 3402 907 3483 Et
919 3402 964 3481 in
979 3397 1286 3481 similitudinem
1297 3397 1350 3478 ab
1369 3402 1610 3479 Arrsrornun
1630 3398 1824 3481 nuditum
1843 3421 1903 3485 est
1922 3402 1998 3512 (3):

638 3556 658 3599 s
690 3522 775 3629 Qui
794 3526 1004 3630 naufragii
1020 3540 1130 3603 metu
1149 3552 1210 3603 res
1240 3550 1335 3602 sues
1350 3525 1508 3630 jactat,
1535 3523 1652 3603 uellet
1671 3552 1732 3604 res
1751 3555 1903 3606 servare
1927 3529 2001 3607 sub

637 3646 880 3750 conditione,
892 3650 928 3727 si
936 3650 1199 3755 nmfiaginm
1216 3676 1299 3727 non
1316 3649 1538 3727 immineret
1549 3665 1624 3742 ;at
1640 3648 1818 3729 absone
1835 3650 1926 3728 uult
1939 3678 2002 3729 res

629 3769 813 3879 perdere,
838 3771 1019 3881 spectasti
1035 3772 1180 3853 sedne
1208 3771 1391 3879 temporie
1417 3796 1470 3849 ae
1492 3769 1569 3850 loci
1587 3768 1892 3855 circumstantie.
1913 3802 1934 3844 s

690 3982 824 4093 Atque
852 4010 897 4063 ea
927 3982 1164 4089 generaliter
1183 4006 1293 4085 vera,
1318 4006 1452 4097 neque
1475 3979 1780 4089 exceptionibus
1806 3978 1999 4062 infirmari

680 4215 729 4304 (Ι)
750 4218 786 4281 ¹¹·
808 4231 866 4303 ss,
883 4234 899 4303 ς
915 4226 933 4293 5
948 4227 984 4293 ft.
1000 4226 1092 4317 quod
1105 4243 1212 4303 metm
1229 4226 1336 4293 causi.

682 4338 731 4427 (ὓ)
755 4330 981 4414 Gnor.'1.ih,2
1003 4351 1045 4418 de
1060 4352 1231 4443 promissis
1252 4376 1283 4443 7.

682 4463 731 4555 (3)
751 4460 825 4529 Eth.
843 4462 915 4529 Nic.
928 4470 982 4533 111.
