4509 5875
632 639 681 722 ai
953 636 1175 711 thNlllS
1200 634 1456 709 ntrrlsrn
1483 634 1657 711 MOTTE

685 836 885 937 Quinimo
905 835 961 915 ita
979 836 1187 915 constituti
1201 860 1353 939 sumus,
1371 851 1515 917 utnon
1530 834 1663 915 solum
1682 831 1849 913 vialicui
1864 858 1997 917 neces

634 956 741 1035 sario
768 956 1058 1059 attribuamus,
1076 985 1346 1068 quocumque
1365 960 1417 1037 sit
1434 959 1537 1039 actio
1558 983 1681 1066 quam
1699 957 1744 1035 in
1764 955 1906 1035 natust
1926 956 1997 1035 ob·

634 1102 853 1181 servamus,
878 1075 949 1157 sed
975 1078 1097 1157 etiam
1123 1078 1164 1156 vi
1196 1081 1440 1187 cuicumque
1465 1076 1728 1184 adjungamus
1757 1076 2002 1157 substratum

633 1198 820 1308 aliquod,
842 1200 907 1277 cui
927 1197 987 1277 vis
1003 1196 1072 1277 illa
1097 1198 1194 1275 insit
1215 1224 1224 1273 τ
1245 1198 1278 1275 si
1296 1196 1378 1303 jam
1393 1198 1578 1277 interrae
1598 1196 1819 1305 palpabiles
1833 1217 1881 1278 ‘et
1906 1200 2001 1279 visi·

632 1318 734 1397 biles
757 1316 860 1398 nihil
878 1318 1153 1419 inveniamus,
1172 1318 1237 1397 cui
1257 1318 1318 1397 vis
1338 1316 1405 1397 illa
1427 1319 1648 1399 essentialis
1673 1321 1746 1423 sit,
1776 1321 2002 1401 necessario

631 1438 830 1545 ejusmodi
848 1437 1075 1543 subjectum
1091 1436 1329 1541 effingimus.
1354 1437 1460 1521 Hinc
1477 1436 1722 1544 hypotheses
1737 1438 1790 1517 de
1809 1439 2002 1541 calorico,

631 1558 685 1643 de
704 1558 833 1639 fluido
849 1558 1037 1639 electrico
1057 1572 1100 1632 et
1118 1556 1340 1658 generatim
1361 1554 1412 1641 de
1436 1558 1578 1641 natura
1601 1555 1781 1653 illorum,
1801 1586 1890 1665 quae
1910 1570 2003 1639 sen.

633 1682 747 1765 sibus
766 1678 972 1762 observari
992 1692 1212 1785 nequeunt.
1236 1676 1496 1781 Imaginatio,
1523 1676 1729 1761 intellectu
1749 1676 1870 1781 duce,
1891 1678 2003 1761 ellin-

634 1805 695 1909 git
715 1802 794 1883 sibi
819 1798 1078 1909 hypothesim
1100 1815 1301 1907 quantum
1326 1815 1459 1906 potest
1476 1798 1724 1885 conformem
1747 1803 2002 1902 notionibus,

470 1934 474 1946 '
633 1954 725 2036 quae
752 1952 826 2035 per
854 1922 1019 2005 effectus
1045 1922 1197 2003 virium
1227 1920 1386 2007 illarum
1406 1920 1662 2019 obtinentur;
1693 1923 1780 2001 vice
1809 1924 1923 2005 versi
1953 1950 2004 2005 ex

633 2049 720 2157 ipsi
740 2046 953 2155 hypothesi
974 2045 1040 2125 isti
1058 2042 1225 2129 euectus
1242 2042 1442 2123 observati
1461 2041 1728 2125 deducuntur.
1747 2042 1827 2123 Sed
1844 2043 2000 2153 quidsi

633 2170 804 2255 ulterius
830 2163 1139 2275 progrediamur
1168 2180 1209 2243 et
1238 2190 1289 2249 ex
1317 2164 1530 2273 hypothesi
1554 2165 1708 2274 aliquid
1735 2164 2000 2270 deducamus,

635 2290 750 2399 quod
770 2288 1050 2371 observatione
1071 2312 1159 2371 non
1184 2286 1366 2369 constat?
1384 2286 1428 2365 Si
1446 2286 1609 2393 sequela
1628 2314 1752 2393 quam
1768 2285 2006 2369 deducimtm

635 2410 728 2493 talis
744 2400 819 2513 sit,
835 2424 883 2489 ut
899 2408 1084 2518 quamvis
1103 2433 1190 2487 non
1208 2422 1325 2509 nota,
1346 2432 1420 2513 per
1441 2404 1767 2487 observationem
1786 2423 1921 2489 tamen
1938 2436 2006 2489 co·
2052 2448 2057 2455 =

637 2533 776 2639 gnosci
796 2532 944 2638 possit,
961 2531 1050 2636 ipsa
1069 2527 1295 2608 observatio
1323 2526 1510 2608 decidere
1530 2526 1676 2627 debet,
1696 2528 1767 2609 sed
1784 2531 1819 2608 si
1837 2531 1925 2610 talis
1940 2533 2007 2628 sit,

636 2671 685 2733 ut
704 2652 987 2742 observatione
1014 2646 1228 2755 dijudicari
1256 2663 1450 2757 nequeat,
1473 2646 1554 2756 jam
1577 2666 1732 2729 naturae
1749 2648 2008 2759 inquisitioni

634 2775 829 2855 inservire
846 2772 992 2879 nequit
1010 2786 1053 2849 et
1073 2768 1124 2847 ad
1147 2794 1352 2847 summum
1373 2771 1417 2845 in
1444 2767 1692 2875 adjutorium
1709 2772 2009 2877 imaginationis

636 2896 794 2978 admitti
803 2894 947 3001 potest.
957 2890 1025 2970 Sic
1044 2888 1141 2968 ferri
1159 2903 1329 2996 possunt
1344 2890 1615 2970 Newtoniana
1630 2910 1682 2970 et
1701 2892 1916 2970 Euleriana
1930 2892 2007 2997 hy-

636 3017 825 3130 potheses
843 3015 895 3090 de
920 3010 1067 3086 natur&
1087 3009 1271 3102 luminis,
1290 3008 1325 3080 si
1342 3007 1445 3080 nihil
1466 3008 1578 3083 aliud
1597 3031 1688 3109 agas
1709 3031 1832 3116 quam
1849 3025 1897 3089 ut
1913 3011 2009 3092 suh·

637 3137 786 3219 sidium
794 3126 962 3240 aliquod
972 3123 1189 3233 phantasia
1200 3119 1379 3228 praebeas
1391 3148 1401 3217 ;
1413 3119 1492 3206 ‚sed
1510 3125 1680 3204 omnino
1693 3129 1936 3232 cavendum,
1954 3161 2006 3214 ne
2041 3151 2043 3158 ⁴

638 3256 785 3340 similia
805 3245 1106 3358 imaginationis
1122 3242 1322 3356 producta
1354 3243 1472 3326 certis
1491 3243 1673 3363 physices
1700 3251 1907 3360 principiis
1935 3255 2008 3336 ad.

637 3385 913 3464 numerentur.
948 3381 952 3388 '

694 3613 806 3691 Dum
833 3601 1122 3725 supponuntur
1149 3603 1325 3683 materiae
1351 3599 1712 3712 imperceptibiles,
1726 3624 1768 3688 et
1794 3605 1846 3686 de
1867 3635 2005 3694 earum

644 3732 772 3841 figura
793 3745 835 3811 et
855 3720 1099 3834 expansione
1117 3723 1349 3834 loquimur;
1368 3724 1445 3812 hoc
1465 3723 1692 3834 paruerit,
1714 3729 1810 3837 quia
1827 3732 1998 3816 numia

643 3873 727 3940 tnta
743 3849 1106 3958 cogimur,cuique
1125 3845 1247 3948 ideae,
1264 3871 1388 3957 quam
1405 3847 1524 3928 nohis
1553 3865 1894 3956 representamus,
1911 3869 2003 3940 cor·

643 4003 812 4086 paream
827 3971 1003 4080 aliquam
1026 3967 1120 4048 licet
1141 3968 1491 4064 indeterminatam
1514 3971 1692 4058 tribuere
1705 3963 1897 4080 formam,
1916 3993 2009 4084 quae

643 4098 820 4207 proinde
848 4095 969 4186 etiam
995 4116 1080 4170 non
1111 4107 1174 4170 est
1199 4092 1279 4172 nisi
1305 4093 1475 4201 simplex
1510 4095 1805 4201 imaginationis
1830 4097 2006 4205 produc·

642 4237 753 4319 tum,
772 4235 815 4297 et
827 4218 926 4328 quia
938 4212 1054 4300 ¹nullu
1070 4213 1236 4293 materia
1253 4214 1373 4294 etiam
1391 4217 1633 4300 insensibilis
1649 4219 1729 4298 huc
1743 4245 1874 4329 usqne
1891 4247 2006 4300 exco÷

644 4339 940 4450 gitari'potuit,
966 4337 1033 4424 cui
1059 4336 1121 4426 vis
1152 4334 1349 4420 inherens
1380 4340 1625 4448 produceret
1655 4343 1740 4450 ipsa
1767 4343 2006 4422 attractionis

644 4454 1035 4573 phanomena3ideo
1045 4485 1307 4576 quocumque
1327 4487 1499 4546 numero
1519 4464 1620 4568 sint,
1640 4466 1713 4574 qui
1733 4465 2006 4548 inunctionem
