4509 5875
621 665 664 721 aa
862 649 867 660 “
957 650 1175 723 tonitrus
1192 644 1446 720 BAPTISTAE
1467 648 1640 719 MOTTE

612 849 667 927 tia
687 846 808 929 docet'
822 846 924 959 quid
942 848 1030 949 liat,
1045 862 1087 931 et
1105 848 1202 931 inde
1221 850 1308 930 erui
1328 862 1499 959 possunt
1508 848 1679 959 sequelae
1695 870 1766 927 seu
1782 856 1979 927 'consecta-

613 974 692 1069 ria3
715 970 787 1053 sed
807 999 897 1083 quae
922 973 973 1053 sit
1000 999 1117 1052 causa
1138 974 1267 1081 prima
1283 972 1671 1079 -phaenomenorum,
1698 998 1730 1048 e.
1750 996 1786 1075 g.
1814 972 1983 1076 gravita-

610 1094 754 1194 tionis‚
774 1094 1038 1203 phaenomena
1063 1116 1150 1175 non
1175 1094 1372 1201 produnt,
1394 1120 1468 1173 nec
1491 1092 1568 1173 hoe
1591 1094 1635 1173 in
1660 1092 1902 1175 mechanicis
1919 1120 1984 1173 so·

610 1216 696 1297 lum
716 1218 789 1299 sed
808 1220 932 1323 magis
952 1215 1086 1300 adhuc
1103 1218 1147 1296 in
1167 1214 1359 1297 chemicis
1382 1232 1424 1294 et
1442 1214 1750 1323 physiologicis,
1767 1216 1813 1295 in
1830 1216 1985 1325 quihus

608 1366 693 1419 non
712 1354 871 1419 tantum
895 1367 1010 1421 musa
1029 1341 1161 1449 prima
1177 1336 1273 1419 latet
1292 1336 1365 1417 sed
1385 1353 1425 1415 et
1441 1339 1526 1443 ipsa
1540 1336 1701 1422 ¹interna
1718 1362 1982 1446 processuum

606 1477 766 1559 natura,
786 1478 834 1539 ut
853 1460 1040 1565 exemplo
1061 1460 1174 1537 facite
1193 1458 1427 1537 declaratur,

677 1680 720 1761 si
749 1682 828 1764 sub
849 1680 1044 1791 campani
1069 1682 1161 1761 aire
1186 1678 1490 1789 atmosphaerico
1517 1679 1639 1792 pleni
1664 1698 1705 1759 et
1730 1663 1808 1789 per'
1829 1708 1981 1765 mercu-

605 1808 714 1884 rium
740 1806 873 1887 clansd
905 1803 1148 1885 accendatur
1181 1802 1469 1911 phosphorum
1502 1821 1595 1910 post
1631 1821 1787 1884 certum
1819 1820 1979 1913 tempus

604 1928 876 2031 extinguitur,
902 1951 994 2033 pars
1020 1925 1122 2004 aeris
1150 1924 1294 2005 inclusi
1323 1925 1500 2032 disparet
1526 1926 1629 2004 sicut
1661 1942 1702 2003 et
1732 1951 1824 2033 pars
1855 1924 1978 2033 phos·

604 2048 943 2154 phori,·inte1im
970 2045 1210 2125 observatur
1239 2045 1318 2126 sub¹
1343 2048 1532 2155 campani
1560 2040 1701 2155 vapor
1718 2063 1790 2125 aut
1819 2046 1978 2150 lumus,

605 2168 718 2275 cnjus
738 2167 950 2248 moleculae
974 2170 1175 2247 uniuntur
1206 2171 1249 2247 in
1273 2168 1467 2247 floeculos
1493 2168 1607 2248 albos
1634 2186 1677 2247 et
1706 2168 1842 2247 acidos
1870 2190 1978 2247 cam·

603 2314 719 2398 panae
742 2288 1021 2389 adhaerentes,
1035 2294 1108 2399 qui
1133 2288 1316 2397 pondere
1332 2286 1547 2397 adaequant
1567 2305 1726 2395 partem
1750 2289 1977 2397 phosphori

604 2424 646 2491 et
661 2412 781 2491 simul
793 2426 950 2519 partem
964 2412 1067 2490 airis
1079 2436 1171 2523 quae
1185 2410 1492 2519 disparuerunt,
1507 2432 1600 2518 pam
1615 2413 1718 2490 airis
1731 2398 1891 2491 residua
1904 2434 1978 2490 nec

603 2535 778 2613 vitaenec
789 2532 1060 2613 combustioni
1072 2530 1453 2641 intertinendmaptu
1464 2548 1533 2611 est.
1542 2534 1619 2611 Ista
1630 2534 1765 2613 omnia
1775 2534 1976 2639 experien-

603 2658 659 2735 tia
680 2654 843 2750 edocet,
866 2654 917 2732 de
944 2654 994 2731 iis
1015 2679 1091 2733 nos
1116 2642 1344 2750 convincit;
1364 2652 1435 2731 scd
1455 2654 1599 2759 incipit
1620 2678 1755 2756 error,
1774 2656 1820 2758 si
1836 2654 1973 2732 creda·

602 2804 694 2855 mus
718 2770 909 2855 flocculos
935 2770 1047 2851 albos
1070 2789 1111 2852 et
1131 2764 1265 2853 acidos
1283 2774 1337 2855 ita
1360 2773 1547 2882 reperiri,
1573 2791 1620 2853 ut
1646 2772 1687 2852 hi
1707 2772 1975 2853 ellormentur

600 2924 674 3006 per
692 2895 774 2980 haec
801 2894 884 2977 duo
902 2889 1100 3002 principia
1120 2890 1425 2994 constituentia,
1443 2895 1477 2975 si
1496 2892 1710 2971 credamus
1727 2892 1974 2996 experientia

601 3017 787 3116 edoceri,
805 3008 997 3093 flocculos
1017 3006 1112 3086 ideo
1141 3002 1276 3084 acidos
1302 3037 1407 3102 esse,
1434 3011 1531 3114 quia
1553 3009 1720 3087 materia
1738 3037 1829 3120 quae
1849 3013 1970 3120 phosss

599 3139 733 3250 phoro
752 3135 914 3236 unitur,
932 3128 1120 3212 eumdem
1139 3125 1350 3231 acidificet,
1364 3145 1434 3207 aut
1447 3127 1550 3208 hanc
1569 3131 1778 3210 materiam
1801 3151 1842 3213 et
1861 3133 1969 3215 illam'

600 3289 694 3375 qum
725 3256 1008 3360 intertinendae
1034 3253 1126 3332 vitae
1154 3268 1225 3330 aut
1248 3247 1421 3330 flammae
1442 3239 1584 3362 'inepta
1613 3255 1658 3332 in
1687 3258 1876 3364 campana
1904 3287 1967 3337 re.

600 3397 763 3482 manet,
787 3397 1003 3488 utramque
1037 3377 1094 3459 ita
1122 3371 1292 3483 reperiri
1323 3375 1367 3452 in
1401 3374 1688 3483 atmosphaeri,
1716 3394 1763 3458 ut
1799 3377 1881 3458 haec
1897 3387 1903 3394 ’
1917 3379 1968 3460 sit
2051 3381 2056 3394 '

600 3502 784 3604 miscela,
805 3505 849 3583 in
871 3501 952 3615 quai
969 3496 1230 3608 reperiuntur
1240 3524 1314 3606 gaz
1323 3493 1556 3626 oxigep'ium
1568 3516 1609 3578 ct
1630 3527 1700 3608 gaz
1722 3519 1904 3610 azotum,
1921 3522 1966 3585 ut

600 3626 706 3706 talia.
1452 3619 1453 3622 ‘
1794 3657 1797 3662 ¹

651 3851 866 3953 Fallimur,
884 3850 918 3930 si
939 3846 1149 3927 credamus
1162 3847 1248 3928 haec
1270 3851 1408 3929 omnia
1425 3849 1669 3958 experientia
1687 3847 1862 3949 edoceri,
1880 3852 1963 3934 hnc

599 3976 739 4054 omnia
765 3975 863 4082 ipsis
883 3969 1234 4052 observationibus
1270 3971 1597 4080 superaddimus,
1627 3974 1660 4052 si
1685 3973 1766 4052 haec
1793 3975 1850 4053 ita
1877 3973 1964 4055 lieri

598 4098 888 4201 concipiamus,
907 4121 982 4174 nec
1008 4096 1107 4174 certi
1124 4098 1250 4174 simus
1273 4091 1490 4204 conceptus
1522 4114 1682 4178 nostros
1702 4115 1854 4178 naturae
1876 4127 1964 4178 con·

597 4215 747 4294 formes
764 4243 869 4314 esse3
891 4217 975 4299 hare
995 4217 1103 4299 enim
1120 4216 1386 4325 phaenomena
1402 4247 1486 4299 non
1506 4215 1577 4300 illo
1599 4217 1732 4300 solum
1746 4221 1871 4301 modo
1893 4221 1961 4302 sed

597 4335 765 4418 omnlno
785 4337 873 4416 aliis
893 4339 1064 4444 produci
1081 4355 1271 4449 possum
1289 4340 1375 4422 fieri
1396 4343 1507 4422 enim
1522 4347 1735 4451 potest,ut
1753 4343 1956 4454 phospho-

594 4483 664 4540 ms
677 4485 762 4540 non
777 4455 1023 4540 acidifieetur
1039 4487 1113 4569 per
1132 4481 1287 4572 partem
1304 4467 1405 4546 airis
1423 4493 1513 4576 qum
1526 4465 1717 4576 disparet,
1735 4469 1807 4550 sod
1823 4497 1844 4548 e
1861 4493 1957 4548 con·
