4509 5875
630 643 679 712 at
864 643 1105 714 curtium
1129 602 1231 712 esa.
1258 643 1377 712 vror.
1401 642 1499 714 vsu
1523 642 1618 712 usn
1640 640 1760 714 nim

632 821 761 932 legato
791 822 980 928 generico
1010 821 1075 902 vel
1104 821 1340 910 altematiro
1366 824 1429 905 uti
1457 823 1503 904 in
1532 822 1665 930 legato
1692 821 1840 932 speciei
1866 818 1994 902 domi-

632 948 746 1025 nium
774 971 942 1060 quoque
977 946 1063 1026 sine
1098 946 1314 1028 traditione
1343 946 1450 1049 abit,
1479 946 1558 1026 nisi
1589 944 1737 1049 harnes,
1764 945 1830 1024 oui
1858 942 1997 1024 electio

632 1061 844 1176 competit,
873 1066 1111 1183 electipnem
1137 1094 1213 1177 pro
1231 1069 1400 1149 arbitrio
1420 1096 1496 1150 suo
1515 1070 1671 1150 variare
1692 1094 1822 1178 usque
1842 1065 1895 1148 ad
1913 1065 2001 1146 ulti-

631 1217 738 1272 mam
757 1193 816 1272 rei
837 1192 1135 1300 praestationem
1152 1194 1288 1300 possit

683 1365 735 1443 Et
761 1363 900 1445 eadem
927 1363 1134 1472 delegato
1163 1365 1340 1474 optionis
1360 1363 1530 1448 dicenda
1556 1368 1726 1446 veniunt
1753 1390 1844 1475 quae
1866 1364 1918 1444 de
1941 1361 1999 1442 le-

630 1502 722 1592 gato
746 1490 935 1592 generieo
955 1505 1024 1567 aut
1043 1487 1281 1566 alternativo
1301 1487 1498 1584 diximus,
1518 1491 1629 1593 enjus
1646 1489 1784 1564 electio
1805 1485 2000 1592 legatario

629 1611 817 1716 competit
828 1635 847 1702 ,·
878 1601 923 1686 iit
953 1597 1085 1714 legato
1113 1609 1224 1687 enim
1249 1608 1427 1716 optionis
1453 1606 1598 1687 electio
1626 1633 1785 1714 semper
1810 1606 2004 1714 competit

629 1729 835 1837 legatario.
1943 1777 1945 1781 .

684 1904 765 1984 Sed
790 1904 999 1984 videamus
1020 1902 1121 2014 quid
1145 1902 1248 2012 juris
1269 1904 1342 2002 sit,
1374 1931 1469 1984 cum
1496 1903 1698 2015 quantitas
1721 1903 1847 2010 legata
1867 1901 2022 1982 fuerit·

629 2028 696 2111 Au
713 2051 762 2102 eo
786 2053 951 2132 quoque
980 2053 1075 2108 casu
1095 2029 1154 2107 rei
1179 2025 1317 2136 legatae
1340 2026 1568 2108 dominium
1593 2026 1678 2106 abit
1698 2028 1741 2104 in
1766 2025 2004 2130 legatarium

629 2144 781 2254 absque
803 2142 1047 2225 traditione?
1063 2151 1353 2254 Nequaquam
1372 2151 1527 2251 speeies
1554 2147 1665 2228 enim
1690 2144 2006 2226 determinandae

629 2282 724 2346 sunt
751 2293 851 2374 quas
887 2265 1044 2347 solvere
1075 2266 1203 2346 haeres
1231 2265 1423 2372 legatario
1450 2263 1562 2366 velit,
1595 2281 1637 2344 et
1664 2263 1759 2346 licet
1785 2264 1863 2346 illae
1889 2265 2005 2346 aliter

630 2388 753 2498 quarn
774 2385 979 2469 solutione
1001 2387 1261 2467 determinari
1282 2386 1438 2495 possint
1455 2388 1516 2492 (v.
1535 2413 1572 2494 g.
1592 2386 1771 2467 indicato
1800 2385 1890 2469 loco
1919 2415 2003 2499 quo

631 2508 823 2618 depositae
835 2511 968 2614 sunt);
980 2528 1116 2602 tamen
1134 2501 1339 2606 solutione
1355 2509 1439 2588 sive
1451 2508 1666 2591 traditione
1687 2509 2004 2590 determinandae

629 2647 746 2733 sunt,
766 2633 862 2740 quia
879 2635 1032 2741 species
1051 2633 1194 2713 electas
1220 2633 1373 2714 variare
1389 2631 1515 2712 haeres
1535 2649 1667 2741 potest
1688 2657 1817 2744 usque
1840 2631 1892 2711 ad
1914 2633 2004 2712 ulti-

630 2781 739 2834 mam
760 2753 1024 2860 solutionem,
1050 2774 1175 2865 prout
1200 2774 1239 2836 et
1259 2771 1436 2865 poterat,
1462 2782 1556 2834 cum
1577 2754 1643 2864 jus
1663 2754 1902 2836 electionem
1929 2782 2001 2836 va-

630 2876 762 2959 riandi
786 2879 862 2985 ipsi
886 2907 908 2957 a
932 2895 1122 2958 testatore
1145 2880 1189 2956 in
1210 2877 1341 2979 legato
1362 2877 1550 2981 generico
1568 2877 1633 2959 vei
1657 2876 1894 2959 alternativo
1912 2904 2004 2958 eon·

631 3026 786 3079 cessum
812 3015 904 3090 erat
930 2996 1065 3107 (quod
1093 3023 1190 3077 mox
1218 2993 1518 3102 probavimus);
1540 2998 1691 3103 quibus
1722 2999 1876 3081 accedit
1901 3000 2002 3093 hoo,

631 3122 743 3235 quod
762 3150 906 3233 parum
932 3122 1091 3203 intersit
1109 3119 1313 3227 legatario,
1332 3142 1516 3227 quanam
1535 3142 1585 3195 ex
1606 3117 1827 3227 quantitate
1850 3120 2003 3226 species

629 3248 706 3354 ipsi
728 3246 951 3353 solvantur,
977 3264 1018 3329 et
1040 3258 1277 3330 testamento
1304 3240 1399 3321 satis
1422 3239 1547 3320 haeres
1568 3238 1706 3345 faciat,
1725 3267 1818 3321 eum
1839 3246 2000 3351 quanti·

521 3389 526 3397 ·
628 3388 753 3451 mrem
771 3373 950 3480 Quaem
975 3369 1213 3480 prostiterit.

683 3550 810 3632 Sires
832 3550 959 3631 aliena
977 3548 1104 3657 legata
1127 3547 1199 3650 sit,
1221 3540 1306 3653 ejus
1332 3540 1560 3622 dominium
1587 3542 1632 3621 in
1659 3540 1893 3648 legatarium
1915 3569 1999 3622 non
2018 3642 2026 3661 ..

630 3674 884 3779 transfertur,
916 3674 993 3757 nisi
1016 3697 1103 3754 rem
1130 3697 1153 3751 a
1178 3669 1344 3752 domino
1368 3667 1493 3747 haeres
1519 3662 1748 3764 redemerit,
1772 3682 1813 3744 et
1827 3664 2000 3774 redempt

632 3816 718 3876 tam
745 3800 940 3907 legatario
956 3798 1187 3910 praestiterit
1216 3793 1296 3905 (1);
1327 3790 1509 3901 adeoque
1526 3790 1618 3871 ·hoc‘
1639 3816 1779 3897 rursus
1801 3796 1895 3868 ”casu
1919 3805 2001 3868 tra-

633 3920 829 3999 ditionem
866 3923 974 4031 leges
1008 3910 1227 4032 requirunt
1259 3916 1317 3996 rei
1352 3915 1537 4025 quamvis
1573 3912 1709 4021 legatae
1739 3911 1833 4019 (a),
1867 3910 2002 4021 neque

633 4038 805 4147 proinde
832 4044 993 4144 sufficit,
1025 4064 1113 4123 eam
1140 4071 1163 4120 a
1194 4040 1362 4124 domino
1391 4036 1642 4148 redemptam
1675 4032 1784 4145 apud
1804 4032 2004 4115 haeredem

632 4162 823 4271 existere,
842 4186 888 4249 ut
905 4167 1095 4277 legatario
1121 4165 1362 4271 acquiratur.
1385 4160 1510 4262 Quod
1535 4163 1686 4241 mirum
1709 4187 1794 4241 non
1819 4176 1899 4257 est;
1917 4157 2002 4237 fieri
2082 4260 2086 4268 Ι

636 4286 744 4365 enim
771 4286 884 4369 facile
902 4308 1060 4401 potest,
1074 4304 1122 4368 ut
1148 4286 1273 4368 haeres
1300 4310 1387 4363 rem
1409 4282 1582 4368 alienam
1599 4287 1770 4395 legatam
1792 4312 1814 4365 a
1836 4282 2001 4365 domino

678 4446 726 4537 (r)
748 4448 827 4511 Inst.
840 4445 899 4511 lib.
915 4469 950 4528 a,
967 4450 1015 4515 tit.
1033 4472 1091 4530 ao,
1106 4461 1132 4529 s.
1149 4454 1182 4531 4.
1223 4510 1228 4515 .
1362 4508 1367 4522 .

678 4558 725 4645 (a)
748 4554 888 4624 Virrius
910 4554 949 4619 ad
964 4555 1039 4619 lust.
1058 4558 1106 4623 tit.
1122 4557 1310 4650 delegatis,
1329 4570 1355 4638 ς.
1374 4560 1405 4637 4.
