4509 5875
594 604 640 689 ua
1100 600 1428 672 reuersurus
1609 551 1618 568 ⁶

470 871 474 878 ,
597 783 632 866 3.
660 785 888 863 Disseratur
899 780 950 862 de
962 780 1193 890 plantarum
1204 779 1404 860 structum
1414 795 1455 859 et
1466 777 1728 893 enucleentur
1741 807 1790 862 ex
1802 783 1961 892 Physio·

651 905 790 1010 logicis
812 922 853 984 et
878 903 1310 1013 Chemmis-praeceptis
1327 928 1544 1014 processus
1554 905 1819 1013 vegetationis
1836 909 1961 1016 capita

632 1030 820 1108 'maxime
837 1025 1109 1108 memoranda.
1495 1022 1505 1035 '

676 1221 724 1300 11.
751 1219 819 1300 As
845 1219 1048 1299 omme
1073 1213 1452 1300 ruunsorursu
1477 1219 1548 1299 ur
1573 1220 1891 1304 numianus
1960 1327 1967 1334 ,

911 1396 913 1402 .
1086 1339 1466 1470 nummorum.

602 1567 632 1618 1.
658 1537 893 1645 Explicetur
923 1552 1039 1615 etex
1074 1536 1226 1614 Groecis
1250 1533 1504 1640 potissimum
1533 1534 1715 1615 fontibus
1741 1535 1965 1618 illustretur

489 1695 491 1698 ·
650 1658 1055 1770 C1csuou1sliber,qui
1069 1657 1172 1736 Cato
1186 1657 1328 1765 Major
1337 1657 1696 1740 sivedeSenectute
1708 1659 1964 1740 inscribitur:

649 1782 772 1895 idque
791 1782 842 1864 ad
860 1782 1092 1890 exemplum
1112 1780 1365 1888 egregiarum
1383 1781 1427 1862 in
1444 1781 1523 1861 hoc
1549 1807 1696 1887 genere
1715 1782 1965 1890 Disputatio-

649 1934 764 2004 num,
774 1905 926 2016 quibus
936 1902 986 1985 de
997 1905 1194 1986 Cicerone
1209 1930 1343 2012 nuper
1355 1893 1819 2008 insigniter'meruerunt
1831 1905 1966 1985 Batavi

648 2028 833 2107 homines
847 2026 1087 2125 doctissimi,
1102 2044 1150 2105 ut
1165 2028 1210 2106 F.
1229 2027 1279 2106 G.
1298 2028 1387 2105 Vsu
1412 2027 1594 2131 Lrunuu,
1616 2029 1649 2106 J.
1674 2028 1720 2105 Τ.
1739 2027 1968 2129 Nurscuun,

649 2149 693 2230 C.
713 2151 746 2229 J.
766 2151 854 2230 Vsu
873 2152 1021 2252 Assur,
1038 2149 1117 2229 alii.

597 2351 631 2420 2.
659 2306 883 2434 Diligegter
908 2339 1134 2431 exponatur
1156 2322 1270 2403 locus
1293 2322 1345 2403 de
1367 2323 1561 2404 Eurorum
1585 2325 1795 2418 Fontibus,
1823 2327 1966 2434 copio-

649 2445 730 2524 sius
757 2447 957 2554 praecipue
983 2445 1030 2524 ee
1053 2460 1170 2554 parte
1194 2445 1409 2553 explicati,
1432 2459 1522 2556 quae
1543 2463 1604 2526 est
1624 2444 1675 2525 de
1705 2445 1968 2554 Opiruouibus

551 2635 556 2642 .
641 2565 918 2676 praejudicatis
945 2568 1090 2674 (vulgo
1118 2565 1402 2674 praejudiciis),
1425 2566 1765 2676 indicenturque,
1780 2593 1970 2677 quaenam

651 2688 891 2770 adhibendae
909 2691 1012 2791 sint,
1030 2716 1189 2767 errores
1207 2688 1494 2800 undecumque
1518 2707 1628 2768 ortos
1650 2687 1847 2790 evitandi,
1870 2717 1970 2770 ceu·

649 2813 805 2892 tiones:
822 2809 946 2918 idque
966 2809 1013 2887 ed
1033 2810 1212 2907 ratione,
1228 2826 1275 2888 ut
1296 2811 1572 2918 Antiquorum
1594 2829 1635 2890 et
1655 2813 1970 2916 Recentiorum,

649 2933 721 3043 qui
748 2929 857 3013 idem
882 2946 1167 3036 argumentum
1191 2931 1428 3035 attigerunt,
1455 2931 1614 3040 placitis
1637 2934 1834 3014 continuo
1860 2935 1973 3015 inter

592 3156 597 3173 .
645 3082 689 3136 se
706 3052 968 3163 comparatis,
985 3080 1100 3133 snam
1119 3054 1207 3161 ipse
1224 3054 1462 3133 sententiam
1480 3071 1621 3135 auctor
1643 3052 1811 3162 adjiciat

598 3262 623 3348 3
649 3262 883 3372 Explicetur
901 3264 1004 3339 ratio
1014 3286 1266 3365 progressus,
1291 3292 1436 3367 quem,
1459 3262 1625 3348 fractam
1650 3280 1743 3373 post
1763 3264 1971 3374 Hispano-

648 3416 742 3469 rum
762 3400 916 3495 septem
938 3383 982 3460 in
1001 3378 1206 3469 foederatis
1225 3380 1351 3487 Belgii
1371 3386 1608 3488 regionibus
1628 3389 1849 3496 potentiam
1864 3416 1976 3469 sum.

538 3510 540 3515 ’
649 3512 788 3619 mique
816 3505 978 3614 imperii
1005 3502 1326 3615 abdicationem,
1350 3505 1514 3611 Lingua
1535 3508 1676 3591 fecerit
1702 3510 1898 3616 Belgica,
1930 3529 1977 3593 et

625 3672 626 3677 Ν
649 3646 815 3741 prorsus
833 3644 1057 3737 exponatur
1076 3652 1196 3733 causa,
1209 3624 1383 3740 ejusdem
1402 3625 1602 3707 ιἰἰίονηαεω
1616 3613 1978 3741 negligentium

616 3796 620 3801 ·
650 3769 781 3833 totum
799 3752 923 3857 Regis
941 3752 985 3829 in
1002 3749 1162 3855 Belgict
1181 3747 1329 3831 domus
1338 3742 1553 3826 Austriacae
1575 3748 1862 3830 dominationis
1882 3780 1978 3863 spa·

643 3876 774 3971 ¹tium,
804 3876 1114 3953 recentissimum
1141 3898 1271 3979 usque
1295 3870 1346 3949 ad
1371 3870 1555 3947 omnium
1581 3865 1794 3973 Belgarum
1820 3875 1976 3955 sociale

651 3994 728 4075 sub
749 3995 947 4100 Principis
965 3992 1173 4071 Arausiaci
1191 3992 1351 4102 imperii
1371 4006 1535 4099 pactum
1554 3985 1939 4075 reconciliationem.

605 4134 615 4275 J
705 4276 713 4284 ,
751 4134 753 4141 ’
799 4168 866 4277 111.
893 4168 961 4247 ss
988 4115 1757 4251 osn1usruuucousuurosuu.
1958 4116 1963 4121 ⁴

598 4342 710 4447 Quid
733 4360 798 4425 est
821 4342 1048 4453 possessio?
1069 4341 1331 4451 Quotuple'xi
1351 4320 1571 4444 Quomodo
1596 4344 1840 4453 acquiritur,
1868 4349 1977 4426 reti-

648 4485 797 4573 netur,
822 4466 1051 4549 amittitur?
1078 4468 1275 4568 Quaenam
1302 4481 1397 4547 suut
1424 4464 1510 4592 ejus
1537 4465 1781 4590 commo-dar
1806 4468 1977 4549 Confir-
