4509 5875
622 633 670 704 60
1009 629 1278 703 aasumsct
1304 591 1334 698 ιζ
1358 630 1604 700 assarna

626 811 794 911 studiis,
833 791 985 922 quibus
1018 808 1218 917 judicium
1249 809 1294 888 in
1331 807 1548 890 scribendo
1579 806 1804 914 regendum
1841 830 1924 892 erat
1955 833 1995 894 et

626 933 959 1024 confirmandum.
1000 933 1200 1035 Quocirca
1226 957 1311 1010 non
1338 933 1425 1011 sine
1454 929 1608 1010 doloris
1639 958 1759 1011 sensu
1791 931 1867 1013 bic'
1889 935 2000 1014 Ordo

623 1055 839 1164 judicavit,
859 1054 962 1134 nulli
990 1083 1134 1134 eorum
1156 1054 1367 1161 praemium
1388 1077 1474 1134 esse
1497 1053 1811 1135 decernendum.
1833 1054 2006 1136 Felicior

627 1176 704 1258 fuit
722 1175 838 1258 Ordo
861 1175 1174 1283 Disciplinarum
1191 1176 1564 1255 Mathematicarum
1582 1193 1625 1254 et
1638 1177 1915 1284 Physicarum,
1933 1181 2005 1288 qui

627 1301 840 1410 praemium
854 1296 1117 1378 deferendum
1133 1323 1218 1380 esse
1236 1300 1477 1378 existimavit
1490 1301 1634 1380 Joartru
1651 1301 1847 1380 Barrrsrn
1863 1304 2008 1382 Morra

628 1452 680 1502 ex
723 1421 934 1516 Viesville,
962 1421 1143 1528 ejusdem
1172 1419 1341 1501 Ordinis
1372 1420 1625 1520 candidato,
1656 1449 1740 1533 quo
1767 1423 2009 1530 praeclarum

629 1543 788 1652 juvenis
815 1544 1026 1649 ingenium
1054 1543 1105 1622 ad
1135 1541 1285 1650 majora
1313 1543 1567 1651 suscipienda
1596 1547 1809 1645 excitaret,
1841 1545 2009 1653 ejusque

631 1667 905 1746 assiduitatem
923 1680 1270 1767 remuneraretur,
1285 1693 1396 1774 quae,
1410 1665 1504 1744 licet
1520 1665 1694 1766 plurima
1714 1665 1766 1746 ad
1779 1667 2010 1773 scriptionis

630 1787 921 1992 ppbrfectionem
939 1786 1089 1892 desint,
1106 1804 1240 1869 tamen
1258 1790 1417 1895 egregia
1437 1815 1611 1900 quaeque
1626 1789 1678 1870 de
1692 1789 1763 1869 illo
1782 1806 2010 1898 exspectare

628 1940 643 2019 J
704 1929 755 1993 et

687 2102 835 2183 Ordini
852 2105 1121 2216 Philosophiae
1140 2124 1181 2189 et
1203 2109 1430 2193 Literarum
1451 2111 1749 2192 Humaniorum
1769 2134 1893 2189 unam
1915 2105 2015 2185 acci-

634 2250 732 2330 pere
758 2223 1088 2299 Dissertationem
1117 2234 1309 2324 oonsigis,
1332 2236 1375 2299 in
1400 2237 1502 2330 qud,
1532 2237 1565 2298 ai
1595 2235 1648 2298 ab
1668 2236 1852 2300 oratione
1873 2225 2017 2303 Latini

635 2341 924 2422 etlerioribus
951 2337 1197 2450 quibusdam
1222 2341 1331 2419 vitiis
1359 2341 1612 2443 discesseris,
1635 2341 1737 2420 nihil
1765 2342 1848 2423 fere
1873 2373 2014 2452 repre-

635 2462 900 2544 hendendum
924 2461 1143 2543 videretur.
1162 2464 1385 2544 Auctorem
1406 2463 1474 2542 illa
1499 2462 1624 2542 habet
1648 2464 1839 2546 Cinorus
1866 2468 2014 2549 luannr

636 2593 904 2696 Burgensem‚
935 2587 979 2664 in
1007 2586 1080 2665 hhc
1110 2585 1325 2666 Academid
1344 2588 1452 2667 Juris
1478 2586 1758 2667 Candidatum.
1784 2591 1843 2668 Ex
1872 2591 2011 2670 animo

639 2711 764 2817 igitur
786 2708 969 2817 gratulor
993 2709 1245 2788 Doctissimis
1271 2707 1392 2818 hujus
1411 2708 1580 2790 Ordinis
1597 2710 1919 2810 professoribus„
1936 2715 2013 2822 qui

640 2833 743 2913 nihil
766 2835 879 2944 prins
893 2831 995 2941 nihil
1017 2833 1224 2943 antiquius
1233 2831 1386 2912 habent
1403 2861 1524 2946 quam
1543 2850 1590 2912 ut
1606 2834 1834 2914 Litersrum
1851 2851 1892 2914 et
1909 2862 2016 2914 verae

641 2955 882 3036 eruditionis
908 2982 1088 3035 amorem
1117 2955 1162 3035 in
1185 2954 1478 3062 discipulorum
1504 2958 1648 3037 animis
1677 2960 1860 3039 excitent

584 3248 595 3263 ,
694 3160 840 3271 Neque
858 3187 956 3241 vero
979 3160 1141 3241 silentio
1161 3158 1549 3267 pretermittendum
1572 3184 1658 3240 esse
1677 3159 1863 3257 videtur,
1882 3160 2020 3238 eidem

644 3281 792 3360 Ordini
808 3282 859 3361 ad
878 3281 977 3361 duas
997 3281 1174 3391 reliquas
1192 3279 1278 3389 ejus
1298 3280 1553 3382 Quaestiones
1573 3276 1672 3357 duas
1688 3278 1788 3357 item
1806 3278 2018 3360 Commen-

641 3404 812 3482 tationes
848 3426 933 3480 esse
961 3404 1176 3505 exhibitas,
1212 3401 1365 3512 quibus
1392 3418 1577 3483 suctores
1600 3416 1683 3478 tam
1709 3404 1935 3507 argumenti
1971 3405 2016 3481 in

643 3552 735 3605 suas
755 3538 889 3631 partes
912 3520 1167 3603 describendi
1190 3522 1467 3603 dexteritatem
1489 3547 1613 3632 quam
1640 3520 1910 3628 diligentiam,
1936 3518 2021 3634 qud

643 3647 694 3728 ad
717 3647 839 3727 linem
861 3672 990 3755 usque
1008 3644 1110 3725 illud
1133 3648 1332 3753 persecuti
1352 3664 1467 3745 sunt,
1490 3670 1745 3751 summopere
1760 3644 1908 3724 Ordini
1924 3672 2018 3754 pro-

643 3769 854 3849 baverunt
880 3767 961 3849 Sed
986 3796 1080 3849 cum
1107 3784 1149 3845 et
1171 3768 1363 3847 doctrinae
1386 3771 1503 3878 copia
1529 3769 1744 3878 criticaque
1772 3767 1875 3845 ratio
1902 3766 1945 3844 in
1965 3769 2017 3848 iis

610 3973 615 3982 ,
642 3890 918 3989 desideretur,
940 3910 981 3971 et
1008 3895 1140 3972 oratio
1165 3894 1308 3972 Latina
1332 3893 1443 3973 vitiis
1464 3919 1510 3972 ac
1527 3892 1786 4007 barbarismis
1802 3891 1856 3969 sit
1880 3891 2017 4002 inqui·

644 4030 735 4093 nata
743 4042 756 4110 ς
792 4040 881 4123 quae
910 4017 1017 4123 typis
1058 4018 1265 4126 exscriptae
1296 4014 1500 4126 publicam
1535 4014 1667 4095 lucem
1705 4010 1916 4109 viderent,
1955 4012 2017 4094 bse

645 4134 955 4215 Dissertationes
978 4136 1156 4242 indignae
1186 4147 1282 4217 sunt
1305 4136 1499 4245 judicatae.
1530 4137 1735 4239 Quoniam
1763 4135 1850 4214 fieri
1882 4138 2016 4245 itaque

645 4284 729 4337 non
753 4260 907 4366 potuit,
929 4275 976 4339 ut
999 4246 1164 4368 praemis
1189 4260 1346 4367 legibus
1367 4260 1629 4341 determinata
1650 4260 1730 4339 illis
1750 4258 2015 4341 decerneren-

645 4396 736 4477 tur;
754 4378 955 4460 schedulis
973 4382 1353 4493 quibusauctorum
1371 4385 1537 4464 nomina
1554 4385 1835 4484 eontinentur,
1854 4408 1939 4460 non
1957 4408 2016 4460 re·

646 4503 766 4585 clusis
777 4502 828 4585 ad
839 4504 940 4584 Aeta
958 4504 1470 4614 OrdinisPhilosophorum
1484 4507 1674 4615 depositae
1683 4523 1793 4588 sunt.
1810 4508 2012 4602 Attamen,
