4509 5875
600 653 844 730 nnsronsm
871 660 931 728 tn
954 658 1120 748 Quasr.
1144 659 1284 732 tuam.
1582 663 1625 737 51

262 851 516 958 potissimum
529 852 713 956 expedit,
728 871 965 938 testamento
984 883 1059 940 suo
1079 857 1364 966 praescribant,
1380 857 1461 968 qut
1473 861 1629 942 ratione

261 973 369 1078 leges
390 973 626 1072 voluerunt,
639 987 686 1048 ut
696 993 910 1078 parentum
926 975 1034 1081 jussa
1051 977 1193 1058 ultima
1201 995 1356 1058 tutores
1369 999 1412 1060 et
1425 999 1630 1066 curatores

261 1110 546 1204 exsequentem
573 1091 667 1194 boc,
697 1094 814 1200 qnia,
835 1121 928 1172 cum
947 1123 1069 1187 nemo
1095 1100 1177 1202 pati
1203 1100 1356 1180 invitus
1381 1100 1528 1184 debeat
1543 1133 1630 1186 rem

260 1215 337 1296 sibi
370 1241 462 1296 curn
485 1213 573 1292 aliis
601 1237 859 1297 communem
880 1242 989 1318 esse,
1017 1218 1210 1298 omnibus
1233 1221 1384 1327 quibus
1414 1225 1516 1330 quid
1536 1254 1630 1308 cum

257 1335 423 1442 pupillis
442 1358 659 1418 commune
676 1350 755 1432 est,
779 1335 935 1418 licitum
957 1355 1019 1421 est
1043 1337 1286 1422 divisionem
1314 1369 1558 1449 provocare,
1583 1349 1635 1426 in.

257 1483 379 1567 quam
406 1475 560 1540 tutores
590 1474 630 1538 et
656 1475 862 1544 curatores
888 1464 1144 1546 consentiant
1166 1491 1329 1546 necesse
1356 1483 1433 1569 est,
1459 1466 1563 1550 adeo
1582 1484 1632 1548 ut

256 1578 335 1659 boc
352 1609 445 1666 casu
464 1579 672 1663 decretum
699 1587 953 1688 magistratus
977 1583 1118 1668 luisset
1135 1573 1443 1696 supervacuum.

310 1807 435 1908 Quod
465 1810 656 1892 ultimum
684 1810 735 1891 de
758 1810 845 1892 aliis
872 1838 1037 1922 quoque
1068 1811 1378 1903 alienationibus
1405 1809 1629 1893 necessario

257 1927 451 2012 faciendis
475 1930 556 2012 dici
580 1951 731 2041 potest,
755 1934 812 2012 ita
840 1950 886 2012 ut
913 1934 1057 2012 merito
1085 1931 1235 2013 inferre
1261 1934 1399 2031 liceat,
1422 1935 1630 2031 decretum

257 2052 510 2154 magistratus
529 2081 616 2134 non
642 2054 816 2165 requiri,
834 2056 994 2165 quoties
1014 2055 1201 2136 alienatio
1222 2056 1440 2136 necessaria
1460 2072 1542 2160 est,
1564 2083 1628 2134 re·

257 2173 368 2280 quiri
384 2189 562 2279 tantum,
575 2204 669 2256 cum
692 2175 878 2258 alienatio
896 2178 948 2258 sit
964 2177 1200 2258 voluntaria.

291 2398 343 2474 Et
354 2423 400 2476 ea
412 2399 580 2504 quidem
591 2395 727 2474 omnia
737 2391 787 2470 de
797 2391 1000 2472 tutoribus
1012 2402 1314 2476 etcuratoribus
1324 2403 1510 2504 diximus,
1520 2402 1628 2508 sipu-

250 2519 372 2624 pillos
380 2533 646 2598 tueanturaut
656 2517 834 2596 minores
842 2515 1023 2596 subcunt
1036 2516 1213 2598 habeant
1220 2521 1426 2627 3quamvis
1437 2536 1573 2599 autem
1582 2526 1626 2602 iu

251 2640 433 2718 oratione
450 2640 523 2718 sua
549 2641 677 2718 Divus
705 2638 877 2718 Severus
900 2636 952 2716 de
972 2639 1202 2718 minoribus
1229 2656 1269 2717 et
1290 2638 1455 2746 pupillis
1471 2657 1628 2721 tantum

250 2788 480 2845 sermonem
502 2760 661 2864 fecerit,
684 2777 822 2868 postea
841 2776 977 2840 tamen
995 2761 1190 2842 JCtorum
1218 2761 1549 2870 interpretatione
1574 2763 1628 2844 ad

250 2883 424 2967 furiosos
443 2903 483 2966 et
499 2883 692 2995 prodigos
712 2865 789 2963 sub
808 2884 903 2965 curt
923 2881 1113 2991 degentes
1127 2900 1338 2967 extensum
1358 2901 1433 2989 est,
1446 2886 1561 2996 quod
1575 2886 1626 2966 de
1654 2964 1659 2971 ,

249 3009 417 3114 pupillis
434 3027 475 3088 et
494 3007 722 3087 minoribus
749 3024 907 3089 tantum
934 3008 1089 3087 dictum
1109 3008 1254 3111 fiaerat,
1278 3010 1335 3087 ita
1357 3025 1406 3086 ut
1433 3008 1546 3117 quod
1574 3006 1626 3087 de

251 3127 315 3205 bis
334 3125 554 3207 admissum
572 3119 705 3229 primo
727 3126 823 3223 luit,
840 3147 917 3229 pro
936 3126 1015 3199 illis
1031 3154 1198 3230 quoque
1215 3131 1299 3235 jam
1323 3128 1513 3208 obtineat.

308 3352 388 3433 Sed
403 3350 608 3433 sufficiunt
620 3348 702 3431 baec
722 3348 773 3430 de
791 3365 974 3430 tutorum
992 3366 1034 3431 et
1047 3367 1281 3431 curatorum
1297 3366 1501 3459 potestate.
1522 3352 1626 3432 Sunt

255 3476 365 3556 enim
391 3492 433 3554 et
454 3474 543 3570 alii,
562 3472 634 3581 qui
653 3472 726 3551 etsi
748 3469 904 3551 domini
927 3474 1023 3575 sint,
1045 3502 1133 3553 rem
1154 3490 1291 3553 tamen
1312 3472 1511 3555 tradendo
1529 3474 1626 3552 alie-

254 3626 352 3677 nare
377 3614 568 3707 possunt,
587 3595 661 3675 ubi
682 3594 833 3675 scilicet
857 3622 906 3675 ex
925 3594 1081 3677 domini
1107 3596 1318 3678 voluntate
1346 3623 1510 3706 capaces
1531 3592 1625 3675 lacti

256 3736 373 3817 sunt3
394 3720 455 3799 uti
474 3716 694 3811 creditores
721 3719 794 3827 qui
817 3746 904 3798 rem
927 3718 1005 3799 sibi
1026 3720 1189 3827 pignori
1213 3719 1346 3801 datam
1370 3745 1420 3797 ex
1446 3744 1623 3797 conven-

255 3844 366 3923 tione
389 3870 482 3923 cum
506 3841 761 3921 debitoribus
784 3842 867 3921 suis
889 3842 989 3925 inita
1018 3838 1194 3926 vendere
1218 3857 1402 3950 possunt,
1420 3837 1626 3917 venditam

135 3982 144 3989 ·
257 3964 413 4043 tradere
435 3962 672 4071 traditaeque
696 3961 925 4042 dominium
945 3964 988 4041 in
1008 3980 1233 4071 emptorem
1249 3962 1528 4041 transmittere.
1547 3961 1624 4039 Hic

259 4101 394 4163 autem
403 4082 605 4193 paulisper
612 4085 851 4165 commorari
861 4111 1026 4195 quoque
1033 4083 1161 4191 juvat,
1167 4101 1215 4164 ut
1223 4081 1624 4192 expendamusquaes·

263 4208 415 4287 tionem
433 4234 456 4284 a
472 4204 675 4315 plerisque
693 4207 771 4287 levi
791 4208 886 4289 sans
908 4205 1032 4323 modo
1044 4204 1233 4306 decisam,
1243 4233 1337 4285 cum
1347 4221 1481 4282 nmen
1491 4201 1623 4283 subti-

259 4332 353 4411 liori
366 4330 575 4411 ratiocinio
590 4348 790 4409 mereatur
807 4333 956 4436 agitari.
974 4332 1075 4410 Puta
1093 4330 1284 4431 diximus,
1303 4326 1522 4408 creditores
1537 4328 1623 4437 qui·

260 4452 339 4535 bus
357 4484 420 4537 res
435 4455 596 4565 pignori
615 4452 704 4534 data
724 4468 798 4554 est,
810 4479 862 4529 ex
878 4454 1127 4531 conventione
1146 4452 1246 4531 inita
1259 4476 1353 4531 cum
1368 4448 1622 4531 debitoribus

1260 4662 1264 4667 ,
1399 4613 1431 4684 7·
