4509 5875
559 601 561 608 ’
638 642 685 750 oo
875 645 1120 714 ourunmn
1146 644 1246 715 ean.
1271 645 1387 716 uer.
1412 646 1510 714 van
1534 646 1628 718 uun
1652 646 1775 716 naas

641 841 664 918 i
686 841 723 920 la
743 841 861 919 chose
875 837 1040 944 le'gude).
1060 839 1140 920 Sed
1158 867 1397 948 responsum
1417 859 1605 950 paratum
1624 857 1698 938 est,
1718 865 1864 949 nempe
1882 839 1998 949 hujus

640 961 930 1070 artdispositio
943 963 1077 1043 omnia
1086 961 1309 1068 legatorum
1319 991 1468 1069 genera
1480 962 1778 1070 complectitur,
1787 988 1872 1041 non
1881 963 2000 1041 modo

640 1085 787 1190 speciei
804 1082 926 1162 sedet
941 1085 1190 1192 quantitatis,
1203 1087 1247 1162 in
1263 1085 1401 1190 legatis
1415 1103 1551 1164 autem
1569 1085 1803 1192 quantitatis
1815 1082 1881 1191 jus
1901 1082 2005 1162 reale

636 1233 721 1284 non
743 1208 963 1313 acquiritur
982 1203 1077 1284 alias
1096 1232 1218 1313 quam
1238 1209 1272 1284 si
1292 1205 1455 1286 traditio
1481 1207 1707 1314 speeienun
1731 1202 1835 1285 facta
1854 1208 1924 1305 sit,
1946 1207 2004 1284 uti

632 1327 714 1434 jam
735 1323 910 1407 vidimus
927 1342 967 1406 et
987 1325 1118 1407 adhuc
1141 1323 1381 1427 videbimus.
1431 1421 1435 1428 ¹

687 1536 821 1614 Debet
849 1554 984 1614 autem
1015 1538 1168 1642 species
1196 1560 1300 1641 pure
1323 1537 1455 1638 legata
1481 1561 1590 1635 esse,
1615 1561 1791 1643 namque
1818 1539 1852 1614 si
1880 1563 2008 1640 genus

636 1657 812 1762 legatum
831 1659 903 1755 sit,
921 1657 1069 1766 speciei
1088 1653 1232 1734 electio
1249 1655 1429 1735 facienda
1446 1673 1522 1754 est,
1540 1672 1757 1765 antequam
1778 1650 2008 1736 dominium

636 1779 912 1878 transferatur,
922 1779 993 1860 sed
1008 1779 1133 1858 electa
1150 1780 1273 1858 semel
1290 1781 1425 1889 specie
1435 1782 1507 1887 (ita
1519 1796 1567 1858 ut
1584 1777 1729 1860 electio
1750 1805 1799 1858 ex
1814 1781 2009 1886 poeniten·

635 1901 690 1980 tia
711 1904 857 1982 mutari
886 1902 1058 2010 amplius
1088 1929 1175 1980 non
1199 1905 1345 2010 possit)
1377 1903 1606 1983 dominium
1625 1901 1712 2009 ejus
1741 1901 1895 2011 absque
1921 1901 2008 1982 ullo

635 2023 714 2103 alio
724 2023 829 2104 facto
842 2027 886 2102 in
896 2022 1276 2130 legatariumnostro
1284 2027 1463 2134 jure,uti
1471 2026 1560 2134 jure
1569 2023 1869 2129 Romano,abit
1882 2022 2009 2126 Quod

634 2149 677 2226 in
697 2147 839 2252 legatis
866 2145 1111 2227 alternativis
1136 2175 1301 2257 quoque
1325 2149 1493 2228 obtinet

687 2353 730 2432 Si
741 2360 941 2462 quantitas
949 2357 1080 2458 legata
1089 2355 1157 2450 sit,
1168 2378 1252 2432 non
1262 2351 1378 2430 aliter
1388 2350 1869 2434 dominiumtransiertur
1885 2380 2010 2463 quam

634 2477 666 2554 si
685 2473 850 2553 traditio
862 2475 983 2555 fuerit
1001 2473 1231 2570 subsecuta,
1250 2474 1306 2552 ob
1324 2472 1484 2552 easdem
1502 2491 1722 2580 quasante,
1739 2503 1833 2554 cum
1847 2473 1899 2554 de
1915 2474 2010 2580 jure

635 2597 818 2676 Romano
843 2595 1011 2706 quaestio
1034 2611 1155 2694 esset,
1177 2593 1437 2702 allegavimus
1463 2595 1664 2677 rationes,

686 2825 732 2904 Si.
749 2824 878 2928 legato
900 2821 1081 2904 conditio
1103 2840 1176 2902 aut
1193 2821 1280 2904 dies
1302 2821 1462 2931 adjecta
1475 2823 1548 2925 sit,
1566 2821 1617 2902 ad
1636 2805 1888 2904 existentiam
1914 2850 2011 2903 con·

635 2946 799 3027 ditionis
819 2962 890 3025 aut
912 2945 993 3025 diei
1019 2946 1193 3025 dominii
1218 2945 1427 3059 translatio
1447 2946 1732 3041 suspenditur,
1757 2946 1830 3020 sed
1848 2945 1916 3023 die
1941 2946 2011 3024 vel

527 3162 530 3170 ¹
636 3066 867 3148 conditione
893 3063 1018 3148 semel
1045 3064 1239 3141 existente
1258 3060 1305 3135 lit
1332 3080 1471 3135 rursm
1486 3056 1577 3163 ipso
1592 3053 1710 3161 jure,
1737 3056 1817 3139 hoc
1836 3065 2012 3143 estsine

637 3188 864 3269 traditione.
967 3229 973 3242 ,
1405 3200 1408 3206 ’
1619 3212 1624 3219 ’

688 3395 740 3473 Et
765 3392 845 3470 hue
871 3416 1000 3500 usque
1023 3389 1163 3469 eadem
1193 3386 1276 3467 fere
1304 3404 1399 3467 sunt
1413 3386 1516 3493 juris
1546 3385 1766 3490 Hodierni,
1788 3417 1878 3499 quae
1904 3390 2009 3499 juris

637 3516 807 3597 Romani
826 3514 1009 3615 luerunt,
1028 3512 1244 3622 principia3
1272 3509 1344 3590 sed
1363 3508 1520 3591 diversa
1538 3536 1629 3618 quae
1647 3528 1884 3619 sequuntur.
1908 3515 2008 3593 Jure

636 3640 787 3720 scilicet
805 3640 991 3719 Romano
1009 3634 1166 3717 valebat
1183 3634 1358 3741 legatum
1376 3631 1607 3728 rei-aliene,
1626 3654 1718 3709 eum
1730 3658 1819 3711 eam
1830 3630 2008 3713 alienam

638 3778 803 3842 testator
828 3763 1008 3863 sciverit,
1032 3760 1122 3868 jure
1150 3774 1285 3839 autem
1312 3755 1468 3835 Gallico
1494 3755 1669 3863 legatum
1697 3755 1756 3833 rei
1779 3752 1920 3835 alienae
1943 3772 2009 3835 est

640 3886 808 3963 omnino
818 3883 977 3961 nullum
994 3886 1079 3984 (art
1097 3885 1230 3986 soar),
1241 3880 1395 3961 etiamsi
1414 3904 1478 3957 res
1492 3877 1663 3959 haeredis
1680 3876 1807 3984 legata
1816 3879 1889 3979 sit,
1909 3908 2007 3960 cum

639 4030 685 4083 ea
711 4022 875 4111 quoque
895 4000 1024 4079 aliena
1043 4003 1103 4079 sit.

694 4230 903 4339 Superest,
921 4245 968 4309 ut
986 4224 1248 4339 explicemus,
1270 4246 1380 4311 anet
1399 4228 1550 4340 quibus
1574 4228 1862 4315 daciscasibus
1888 4226 2005 4307 tradi·

645 4356 704 4437 tio
732 4369 870 4433 nostro
895 4353 1044 4434 Codice
1071 4353 1302 4464 requiratur
1322 4352 1375 4437 ad
1396 4352 1566 4435 dominii
1587 4355 1889 4453 translationem
1911 4366 2005 4428 actu

535 4583 538 4592 Ι
641 4478 876 4561 interrivos
896 4476 1151 4585 operandam,
1171 4480 1222 4560 Et
1232 4478 1398 4587 quidem
1416 4478 1701 4589 probabimus,
1717 4505 1808 4561 eam
1827 4500 1910 4555 non
1923 4500 2003 4553 am·
