4509 5875
639 647 684 728 14
789 741 792 753 Ι
965 638 1683 714 Jornntsnrrrrsrnnorrn

634 838 811 937 indoles,
832 835 934 948 quid
962 839 1009 917 in
1031 838 1279 951 quibusdam
1303 854 1458 919 naturae
1478 834 1688 945 productis
1706 834 1758 915 sit
1777 834 2010 917 notabiliter

633 960 838 1067 singuline
865 978 908 1041 et
932 988 956 1039 a
983 965 1191 1042 communi
1220 958 1364 1041 normal
1393 957 1604 1055 recedens,
1632 960 1679 1036 in
1713 955 1866 1067 quibus
1897 974 2008 1037 terrae

630 1083 732 1192 loris
754 1084 1009 1193 reperiantur
1029 1082 1258 1180 mineralia,
1279 1109 1373 1191 quae
1396 1082 1477 1159 sint
1499 1078 1657 1161 climata
1678 1081 1722 1159 in
1748 1079 1902 1189 quibus
1924 1106 2009 1159 nas·

629 1222 781 1295 cuntur
801 1204 1035 1311 vegetabilia
1053 1220 1095 1282 et
1117 1202 1324 1283 animalia?
1349 1228 1396 1280 ac
1422 1201 1499 1281 alia
1521 1200 1725 1309 ejusmodi
1750 1200 1895 1301 multa,
1925 1229 2013 1313 quar

624 1329 765 1433 omnia
786 1353 870 1435 quo
895 1329 989 1437 quis
1011 1326 1157 1407 melius
1181 1339 1413 1432 cognoscet,
1434 1350 1486 1402 eo
1505 1325 1676 1431 peritius
1700 1323 1900 1431 intelliget
1916 1326 2010 1429 His-

625 1448 772 1528 toriam
780 1449 1107 1527 Naturalem.llla
1122 1466 1256 1555 tamen
1277 1446 1530 1527 omniorum
1551 1447 1638 1523 sine
1659 1445 1847 1551 Physices
1867 1445 2006 1548 Theo-

626 1571 761 1648 reticae
783 1572 956 1648 notione
977 1585 1019 1647 et
1045 1568 1316 1675 applicatione
1337 1566 1472 1669 detegi
1490 1583 1712 1673 nequeant,
1731 1565 1896 1645 abunde
1912 1594 2009 1647 con·

625 1706 727 1789 stat,
751 1692 840 1771 siue
867 1690 942 1771 haic
973 1688 1242 1799 applicatione
1277 1688 1486 1767 scientiam
1514 1685 1625 1767 illam
1656 1688 1827 1767 omnino
1858 1688 2008 1797 expleri
2033 1756 2035 1759 .
2068 1696 2072 1701 '

626 1838 713 1895 nou
735 1839 864 1921 posse.
1246 1834 1248 1841 ’

677 2038 720 2118 Si
730 2066 840 2118 nuuc
853 2037 904 2117 ad
913 2038 1100 2147 Physices
1109 2038 1360 2119 Theoreticae
1369 2055 1503 2147 partes
1515 2034 1845 2147 progrediamur,
1855 2055 1896 2117 et
1908 2066 2006 2119 con·

623 2159 848 2243 sideramus
866 2163 1017 2241 virium
1039 2188 1187 2269 genera
1204 2189 1382 2271 quorum
1399 2160 1605 2267 singulum
1618 2159 1806 2268 Physiees
1820 2160 2004 2241 Theore·

623 2282 713 2361 ticae
727 2300 882 2388 partem
896 2283 1122 2380 constituit;
1133 2283 1247 2363 facile
1258 2281 1503 2378 declaratur,
1517 2286 1609 2391 quis
1618 2287 1848 2391 precipuus
1858 2283 2005 2363 debeat

624 2430 710 2483 esse
729 2430 880 2514 scopus
898 2404 1086 2512 Physiees
1108 2400 1279 2485 studiosi
1299 2420 1383 2483 tam
1401 2405 1446 2481 in
1470 2404 1630 2511 singula
1651 2422 1765 2515 parte
1786 2404 2008 2485 theoretici

622 2552 748 2633 quam
766 2529 889 2605 etiam
909 2529 954 2604 in
976 2525 1144 2633 Physical
1164 2527 1368 2635 applicati.
1392 2527 1440 2605 In
1465 2525 1633 2633 Physica
1656 2530 1768 2606 enim
1796 2514 2004 2631 Mechaniss

621 2672 763 2724 corum
782 2673 867 2724 non
888 2648 1022 2753 agitur
1039 2648 1117 2725 nisi
1139 2646 1191 2726 de
1211 2646 1494 2727 constituendi
1513 2647 1672 2729 theoria
1694 2648 1830 2753 legum
1848 2646 2004 2756 quibus

618 2783 771 2847 natiuae
787 2769 895 2847 uires
907 2767 1150 2849 mechanicae
1165 2784 1396 2849 constanter
1414 2769 1708 2878 subjiciuntur,
1727 2788 1769 2851 et
1783 2798 1875 2881 quae
1894 2770 2003 2876 leges

618 2888 723 2970 nihil
741 2888 853 2971 aliud
874 2907 969 2970 sunt
988 2917 1112 2999 quam
1132 2890 1239 2996 leges
1261 2909 1397 2972 motus
1420 2909 1462 2971 et
1492 2893 1730 3000 aequilibrii;
1750 2920 1840 2972 oum
1865 2911 2003 2972 autern

619 3010 681 3090 hoe
702 3011 790 3089 aliae
807 3012 892 3086 siut
903 3038 980 3114 pro
998 3010 1160 3086 diverso
1177 3035 1398 3111 corporum
1411 3007 1709 3111 aggregationis
1724 3025 1849 3108 statu,
1868 3039 2001 3094 neces

619 3135 726 3212 sario
745 3131 958 3238 speciatim
980 3127 1164 3208 stabilire
1187 3143 1349 3235 oportet
1370 3156 1379 3206 ε
1405 3143 1445 3206 1⁰
1464 3131 1591 3236 Leges
1607 3129 1660 3210 de
1677 3147 1794 3212 motu
1812 3150 1854 3212 et
1871 3138 1997 3246 arlui-

619 3253 743 3333 librio
760 3251 1007 3348 solidorum,
1025 3268 1072 3330 2⁰
1093 3251 1156 3328 De
1179 3267 1295 3330 motu
1313 3267 1354 3330 et
1371 3249 1603 3360 aequilibrio
1620 3251 1842 3336 fluidorum
1861 3285 1997 3368 aquae-

619 3371 830 3471 formium3
851 3371 898 3456 3⁰
916 3375 978 3454 De
998 3390 1116 3454 motu
1142 3391 1184 3453 et
1211 3373 1442 3480 aequilibrio
1457 3373 1682 3456 fluidorum
1703 3377 1995 3462 aeriformium.
2126 3461 2131 3468 .

620 3495 727 3576 Cum
735 3497 904 3603 insuper
912 3495 1170 3597 admittamus
1180 3499 1367 3576 materias
1386 3523 1470 3576 non
1485 3497 1724 3607 palpabiles,
1734 3491 1810 3610 pro
1823 3531 1998 3614 quarum

618 3636 756 3720 tamen
773 3619 983 3699 existentia
1004 3617 1117 3698 aliud
1135 3647 1221 3701 nou
1238 3617 1436 3702 habemus
1455 3639 1736 3723 argumentum
1759 3641 1904 3726 praeter
1919 3651 1992 3706 ue·
2057 3647 2060 3655 ’

619 3743 842 3842 cessitatem
863 3739 1091 3850 explicandi
1109 3757 1238 3821 certas
1254 3739 1615 3847 phaenomenorum
1625 3742 1770 3841 series3
1788 3743 1992 3850 speciatim

619 3861 856 3970 indagandae
874 3881 970 3946 sunt
989 3865 1097 3972 leges
1113 3863 1251 3944 motirs
1263 3880 1304 3943 et
1322 3863 1540 3974 aequilibrii
1558 3864 1701 3944 harum
1718 3867 1991 3948 materiarum.

622 3983 730 4064 Cum
755 3989 866 4070 enim
886 3985 1069 4096 pondere
1096 3987 1161 4068 rel
1190 3988 1302 4068 omui
1326 3985 1392 4068 vel
1418 3985 1560 4098 saltem
1587 3988 1768 4070 sensibili
1790 3989 1994 4073 destitutae

616 4105 717 4206 siut,
738 4137 815 4190 neo
845 4110 1024 4220 impulsu
1047 4113 1204 4190 moveri
1236 4137 1312 4192 nec
1339 4112 1540 4192 reaetione
1575 4115 1660 4192 sisti
1687 4131 1856 4223 queant3
1884 4133 1993 4198 certo

614 4226 836 4334 peculiares
847 4233 959 4339 leges
974 4250 1216 4343 sequuntur,
1228 4260 1319 4343 quae
1337 4232 1447 4340 leges
1461 4261 1545 4316 nou
1557 4253 1653 4318 sunt
1668 4237 1864 4320 omnibus
1874 4238 1992 4348 hujus

613 4349 772 4455 generis
790 4357 1035 4438 materiebus
1054 4383 1305 4460 communes,
1323 4357 1394 4438 sed
1413 4358 1570 4468 singula
1588 4359 1777 4442 adstricta
1795 4379 1856 4442 est
1875 4389 1987 4470 pecu·

613 4469 800 4572 liguribus,
821 4469 967 4552 frustra
984 4481 1094 4561 enim
1113 4480 1175 4561 hae
1186 4483 1360 4565 materiae
1379 4477 1650 4593 hypotheticae
1673 4484 1987 4592 multiplicaren-
