4509 5875
591 654 637 701 20
1032 589 1266 705 uacuum
1290 634 1352 701 er
1376 633 1508 703 ucri

592 833 610 870 ι
634 800 682 875 de
700 817 951 879 voornanmste
979 801 1109 876 deelen
1136 784 1206 877 ran
1229 755 1496 898 menschelijks
1519 799 1656 873 tennis
1681 798 1885 899 ouderwijs
1908 802 1962 875 nal

595 948 612 983 ι
636 940 797 1015 gegeven
821 916 1023 993 worden.»
1074 924 1077 935 '
1212 992 1215 998 ,

1177 1033 1253 1101 Art
1273 1033 1369 1101 vlu.

640 1271 657 1307 ιι
682 1247 778 1314 Deae
800 1242 922 1338 hooge
951 1216 1104 1313 scholen
1133 1240 1256 1315 zulleu
1284 1242 1474 1341 gerestigd
1507 1244 1580 1339 zijn
1616 1256 1653 1317 te
1678 1248 1838 1334 Lauren,
1865 1247 1962 1319 Geor

594 1385 612 1421 a
638 1379 685 1428 en
707 1355 807 1429 Lurl.
824 1388 842 1422 o
1272 1366 1276 1371 ’

644 1568 693 1679 a.)
718 1584 916 1688 Haecjacta
938 1580 1092 1677 quidem
1117 1578 1368 1657 fundamenta.
1397 1586 1583 1675 Quoniam
1616 1608 1706 1657 vero
1731 1610 1835 1658 nune
1855 1590 1964 1660 Cura·

593 1689 691 1767 teies
727 1708 830 1765 eram
860 1693 1106 1778 nominandi,
1140 1694 1366 1769 Professores
1402 1698 1596 1794 eligendi,
1630 1700 1757 1794 patrie
1789 1695 1964 1798 juventus

596 1807 847 1895 convocanda,
873 1808 1007 1881 scholae
1036 1809 1221 1882 cathedris
1237 1810 1494 1905 sedilibusque
1521 1810 1748 1881 instruendos
1769 1813 1880 1905 (uam
1907 1811 1964 1881 hae

594 1945 748 2021 quoque
770 1945 829 1994 res
853 1925 1097 2015 evanuerant)
1118 1936 1270 2019 totaque
1290 1922 1484 2019 suppellex
1505 1921 1774 2017 comparanda,
1794 1923 1965 2021 aedesque

594 2039 680 2136 ipsae
703 2036 897 2125 ornandae3
920 2035 1012 2109 facta
1038 2038 1273 2119 institutione
1299 2059 1375 2106 nou
1398 2035 1522 2106 statim
1553 2034 1664 2105 etiam
1691 2033 1868 2109 lectiones
1898 2036 1963 2109 ha·

592 2149 679 2221 bitae
706 2164 818 2237 sunt3
847 2148 911 2221 sed
934 2150 1074 2245 rejectae
1095 2153 1136 2221 in
1159 2170 1300 2219 annum
1324 2161 1565 2245 sequentem,
1593 2149 1662 2245 qui
1684 2162 1738 2220 est
1761 2147 1876 2245 hujus
1900 2174 1963 2222 sae·

590 2262 670 2333 ouli
698 2262 859 2335 deornm
887 2268 1065 2359 septimus.
1092 2263 1198 2336 Diem
1224 2260 1489 2361 inaugurandae
1510 2261 1770 2334 Uni‘versitatis
1792 2244 1961 2335 Gummi·

593 2398 667 2447 rms
694 2377 774 2472 ipse
798 2398 862 2447 rex
888 2374 1041 2472 publico
1070 2374 1195 2448 edicto
1227 2378 1308 2471 (¹9
1329 2381 1421 2471 Aug.
1455 2374 1570 2471 1817,
1592 2376 1643 2450 No
1675 2373 1796 2472 1666)
1824 2382 1965 2450 tertium

593 2488 807 2565 Novembris
819 2510 903 2561 esse
930 2486 1058 2559 voluit.

643 2712 693 2811 3.)
715 2720 795 2785 lam
817 2714 920 2807 regio
946 2711 1094 2781 decreto
1124 2708 1187 2803 (d.
1216 2732 1229 2779 r
1262 2712 1358 2806 Sept.
1389 2708 1506 2805 1817,
1532 2714 1584 2787 ΝΟ
1614 2713 1730 2810 1850)
1760 2709 1984 2791 Academiae'

594 2832 788 2901 Curatores
811 2824 899 2892 dicti
918 2834 1006 2892 sunt
1026 2822 1097 2890 riri
1119 2820 1358 2892 illustrissimi
1378 2847 1386 2888 :
1592 2843 1602 2851 ·

588 3054 603 3072 '¹
642 3076 858 3142 Fnsncrscns
891 3072 946 3137 Jo.
983 3069 1055 3137 Jos.
1088 3067 1214 3136 Comes
1246 3090 1272 3136 a
1310 3067 1604 3151 SPOELBERGH
1636 3070 1960 3165 D’EIN'I'HOUTS‚

591 3183 775 3258 ordinum
811 3181 915 3279 regni
954 3178 1119 3265 Senatui,
1152 3176 1284 3252 Ordini
1300 3169 1421 3252 'etiam
1451 3185 1623 3279 Equestri
1654 3188 1852 3260 Pr0vinciae
1878 3196 1959 3263 Bra·

591 3297 725 3369 bantiae
757 3293 1026 3379 meridionalis,
1061 3314 1262 3389 rerumque
1292 3293 1518 3392 Belgioarum
1557 3299 1861 3374 Pronumtoribns
1898 3301 1962 3376 ad·

590 3412 774 3509 scriptus,
804 3409 935 3482 illustr.
964 3411 1185 3480 curatorum
1220 3405 1365 3503 collegii
1397 3411 1553 3496 Praeses,
1579 3422 1647 3480 ete.
1684 3405 1801 3482 uatus'
1824 3413 1885 3486 die
1912 3441 1957 3488 αα

589 3529 673 3598 Dec.
697 3523 797 3621 ¹757·

640 3737 745 3823 Gom.
769 3751 906 3820 Aaron.
923 3752 1144 3820 numeneus
1161 3744 1259 3816 liber
1278 3751 1378 3818 Baro
1402 3744 1450 3818 de
1469 3750 1632 3836 FELTZ,
1651 3750 1754 3847 regni
1776 3748 1960 3824 Ordinum

590 3859 755 3949 Senatui,
773 3859 905 3931 Ordini
927 3860 1087 3956 equestri
1114 3860 1164 3928 Μ.
1187 3860 1349 3930 Ducatus
1372 3858 1700 3956 Luoemburgeusis
1729 3860 1959 3961 adscriptus,

589 3975 743 4050 Consilii
763 3973 898 4046 'secreti
921 3972 1101 4070 principis
1126 3972 1272 4060 socius,
1291 3971 1441 4045 Ordinis
1459 3976 1592 4047 Leonis
1617 3975 1751 4074 Belgici
1780 3979 1958 4073 Equitum

590 4090 768 4176 Decurio,
782 4085 888 4160 Auad.
903 4087 955 4158 lit.
979 4085 1224 4160 Bruxellensis
1246 4090 1400 4174 Praeses,
1417 4101 1486 4160 etc.
1501 4101 1611 4162 natus
1627 4087 1664 4160 d.
1686 4088 1707 4160 5
1724 4087 1829 4162 Febr.
1853 4093 1956 4187 ult·

640 4313 808 4426 Cinorus
836 4356 968 4423 Funnc.
996 4352 1059 4422 DE
1092 4352 1342 4438 NIEUPORT,
1369 4351 1549 4448 Equitum
1577 4348 1769 4450 quondam
1795 4352 1959 4426 Meliten·

591 4470 686 4542 sium
717 4466 895 4556 Decurio,
921 4459 1234 4566 Ordinis-'Leonis
1251 4463 1391 4560 Belgici
1413 4469 1554 4564 Eques,
1578 4469 1709 4546 Comes
1736 4467 1828 4540 sacri
1852 4465 1955 4540 cubi·
2105 4549 2108 4556 Ι
