4509 5875
577 607 1307 745 aasronsroanouffisr.run1n.·
1385 668 1390 678 ·
1580 644 1625 716 ss

264 852 491 963 loquemur,
506 852 619 957 quia,
630 877 722 928 cum
742 879 879 930 earum
897 852 1087 929 dominus
1105 878 1226 930 nemo
1241 849 1326 928 fieri
1344 843 1623 1014 possit,palam

265 990 323 1053 est
328 976 462 1081 ,ipsas
485 969 702 1050 traditione
722 997 807 1048 non
828 970 1001 1050 alienari

903 1178 987 1275 §a

312 1382 551 1493 Expositum
561 1377 644 1490 jam
662 1381 757 1462 satis
776 1409 798 1459 a
819 1379 938 1480 nobis
953 1407 1038 1460 esse
1051 1396 1256 1488 putamus,
1272 1373 1473 1490 quidquid
1492 1373 1628 1480 devo·

264 1508 417 1587 luntate
440 1523 480 1584 et
497 1520 691 1612 potestate
715 1498 1003 1611 exponendum
1025 1520 1136 1584 esset.
1157 1499 1235 1582 Sed
1255 1505 1424 1611 quaestio
1447 1518 1629 1610 superest

259 1627 327 1706 hic
341 1652 507 1736 quoque
519 1623 738 1721 tractanda,
753 1642 891 1702 utrum
904 1621 954 1700 ad
969 1621 1270 1732 translationem
1287 1623 1458 1704 dominii
1472 1621 1634 1705 nudum

259 1749 409 1830 factum
438 1744 664 1826 traditionis
695 1742 866 1825 sufficiat
897 1746 1069 1854 (caeteris
1096 1746 1301 1856 requisitis
1331 1745 1629 1865 adstantibus),

259 1857 313 1952 an
343 1897 442 1951 vero
475 1871 706 1980 requiratur
735 1867 823 1948 talis
853 1868 1016 1953 traditio
1046 1897 1154 1980 qua
1149 1869 1224 1948 rei
1247 1867 1403 1951 traditae
1430 1868 1627 1976 possessio

259 2021 386 2074 vacua
407 1991 507 2100 (hoc
531 2009 591 2072 est
622 1991 673 2070 ab
703 1991 814 2072 omni
845 1991 923 2071 alio
950 1991 1158 2072 detentore
1185 1991 1371 2095 libera)
1359 2021 1403 2072 ιιι
1432 1992 1629 2099 aecipien-

259 2132 344 2196 tem
356 2133 546 2214 transeat;
566 2113 917 2198 uteceezfundum
936 2111 1011 2196 tibi
1028 2115 1275 2227 vendidiqui
1291 2115 1342 2197 ab
1355 2115 1433 2195 alio
1454 2113 1630 2223 posside-

259 2235 404 2340 batur,
417 2253 457 2316 et
475 2237 574 2316 dum
593 2237 695 2316 forte
714 2265 918 2378 possqssor
932 2266 1099 2369 peregre
1115 2239 1252 2319 aberat
1261 2267 1377 2342 ,euru
1392 2237 1468 2318 tibi
1481 2232 1630 2315 tradidi
1695 2280 1699 2286 ,

260 2297 434 2436 domidii
448 2347 711 2434 transferendi
726 2351 858 2452 causa,
877 2367 922 2431 tu
941 2379 1035 2432 eum
1055 2354 1257 2460 ingressus
1276 2380 1320 2434 es
1336 2383 1386 2434 eo
1409 2361 1566 2453 animo,
1584 2372 1632 2435 ut

259 2483 395 2586 capias
419 2475 530 2616 quod
549 2473 721 2554 traditur
740 2492 780 2556 et
800 2473 989 2556 dominus
1013 2475 1093 2556 fias.
1121 2478 1343 2579 Quaeritur,
1366 2504 1433 2576 an,
1453 2479 1547 2586 quia
1570 2505 1630 2554 va·

258 2629 334 2682 cua
353 2599 552 2712 possessio
572 2597 717 2678 tradita
737 2626 821 2678 non
841 2616 919 2702 est,
938 2598 1203 2691 nihilominus
1226 2582 1375 2682 fundus
1397 2598 1472 2681 tibi
1481 2600 1630 2714 acqui-

259 2723 401 2803 raturi
422 2738 463 2801 et
483 2750 556 2801 nos
570 2738 777 2829 putamus,
796 2724 977 2832 quamvis
998 2721 1113 2804 fundi
1133 2727 1330 2831 possessio
1344 2694 1529 2805 translata
1545 2752 1630 2827 nou

261 2849 341 2955 sit,
361 2865 494 2926 tamen
516 2846 751 2927 translatum
773 2873 856 2926 esse
879 2835 1192 2964 dominium(1.)
1252 2926 1256 2932 ,
1322 2954 1327 2964 ,

314 3070 518 3177 Imprimis
534 3096 583 3148 ex
610 3084 701 3149 ante
732 3064 850 3145 dictis
876 3082 1002 3173 patet,
1020 3085 1061 3145 et
1079 3092 1154 3174 per
1170 3075 1214 3147 ae
1235 3075 1457 3153 admodum
1478 3076 1630 3153 clarum

256 3210 338 3290 est,
365 3192 626 3299 possessionis
654 3189 953 3269 translationem
976 3189 1148 3297 simplici
1176 3208 1218 3270 et
1246 3194 1418 3272 naturali
1443 3194 1626 3277 tradendi

259 3318 369 3396 facto
390 3339 646 3425 nequaquam
664 3313 793 3390 inesse
808 3339 817 3407 3
849 3341 941 3392 cum
961 3314 1045 3393 sold
1062 3312 1277 3395 traditione
1300 3316 1378 3397 hoc
1396 3318 1529 3399 solum
1547 3320 1629 3399 effi-

259 3442 406 3535 ciatur,
418 3453 465 3515 ut
480 3452 542 3514 res
558 3432 700 3515 tradita
718 3434 835 3515 abeat
853 3438 894 3516 in
905 3452 1143 3545 potestatem
1157 3442 1398 3551 accipientis.
1410 3446 1517 3549 Ergo
1529 3472 1631 3552 pro·

258 3562 378 3655 bent,
397 3558 738 3669 quipossessionis
751 3558 1050 3640 translationem
1069 3560 1205 3643 adesse
1217 3564 1382 3669 volunt,
1396 3593 1481 3644 eam
1493 3562 1549 3645 ad
1557 3564 1630 3646 do·
1715 3559 1720 3567 ’

262 3682 439 3761 minium
458 3677 780 3760 transferendum
799 3678 961 3762 aliunde
979 3685 1148 3797 requiri,
1165 3692 1248 3769 sive
1267 3714 1317 3765 ex
1337 3714 1474 3767 rerum
1492 3687 1633 3767 natural

263 3806 350 3886 sive
365 3831 412 3885 ex
426 3804 658 3884 auctoritate
677 3803 832 3911 leg'u‘m:
843 3823 902 3885 ast
915 3802 1123 3919 quomodo
1141 3808 1376 3919 probarent,
1388 3838 1481 3889 cum
1495 3802 1631 3909 rernm

263 3946 417 4008 naturae
435 3944 476 4009 et
496 3927 652 4034 legibus
671 3926 737 4009 fiat
750 3930 858 4031 satis,
871 3929 944 4010 ubi
958 3932 1137 4043 simplex
1142 3932 1366 4013 traditionis
1382 3930 1527 4059 factum
1547 3962 1631 4017 non

210 4114 214 4125 .
264 4048 457 4129 translata
470 4077 719 4158 possessione
737 4047 982 4135 intervenit?
1096 4159 1099 4170 Ι

313 4300 362 4389 (ι)
384 4268 584 4369 Sententiam
602 4316 746 4369 nostram
769 4306 911 4395 amplexi
937 4322 1013 4375 suut
1035 4309 1105 4379 Dl).
1124 4308 1328 4386 Mannum,
1348 4302 1445 4373 adli.
1463 4306 1511 4373 tit
1528 4307 1570 4374 da
1590 4313 1629 4375 Α.

264 4410 309 4472 R.
332 4406 386 4485 D.,
405 4408 547 4472 Danant..
566 4408 600 4485 4,
621 4408 747 4472 Corum.
767 4430 820 4495 19,
841 4410 1017 4487 Peraean,
1035 4400 1104 4475 Aao
1119 4459 1127 4486 ‚
1143 4415 1279 4475 Accaus.
1292 4459 1307 4489 ,,
1316 4411 1500 4500 Ortonam,
1513 4416 1629 4505 Brun,

266 4514 368 4579 nno.
388 4526 447 4580 etc.
463 4532 473 4592 ς
495 4513 699 4603 impugnavit
711 4519 822 4583 autem
835 4514 932 4583 Vrnn.
947 4514 989 4581 ad
1005 4514 1081 4587 lust.
1096 4514 1154 4583 lib.
1170 4538 1205 4598 a,
1223 4516 1271 4583 tit.
1291 4538 1322 4597 ι,
1338 4518 1418 4594 540.
