4509 5875
723 695 726 702 .
803 603 817 706 J
852 644 1055 714 enarro.
1592 636 1639 710 es

322 821 379 901 Ut
388 847 486 902 vero
497 817 550 902 ad
559 819 643 900 Vos
655 819 903 902 metandem
925 839 1178 934 convertero,
1195 824 1369 905 iuvenes
1390 822 1642 930 Humanissi*

270 945 348 1047 mi,
369 946 440 1054 qui
462 944 582 1054 primi
600 943 757 1026 illustre
777 945 1063 1054 condiscipulis
1080 945 1311 1054 exemplum
1331 945 1583 1054 praebuistis,·
1595 962 1643 1026 ut

209 1167 214 1170 ,
269 1067 438 1148 &natus
449 1063 696 1169 Academici,
709 1069 1087 1179 Praeceptorumque
1099 1071 1340 1150 Vestrorum
1348 1070 1642 1174 nominesigni-
1767 1141 1771 1146 ,

268 1189 403 1289 ficem,
425 1207 578 1300 quanto
599 1217 675 1270 nos
694 1189 843 1295 gaudio
863 1188 1097 1295 affeceritis3
1117 1194 1163 1270 in
1181 1188 1363 1272 medium
1380 1191 1545 1300 prodire
1558 1195 1642 1272 Vo's

263 1313 411 1420 jubeo,
434 1314 588 1419 ingenii
613 1341 659 1394 ac
678 1313 852 1393 solertiae
871 1316 1035 1421 praemia
1056 1332 1317 1424 accepturos..

309 1503 1641 1612 accedasigitur,JuvenisHumanissime,tonnassapientior-re,

263 1645 311 1708 ut
321 1630 532 1737 praemium
540 1628 634 1710 Tibi
654 1633 862 1739 impertiar
872 1631 923 1712 ab
936 1631 1092 1713 Ordine
1106 1635 1418 1742 Disciplinarum
1431 1627 1641 1751 Mathema-

263 1753 436 1836 ticarum
455 1774 495 1835 et
512 1754 772 1864 Physiearum
792 1757 1009 1838 decretum.
1561 1829 1566 1850 ,,
1606 1824 1634 1878 x,

322 1948 388 2028 Tu
415 1950 538 2053 item,
568 1949 726 2031 Castore
750 1945 923 2046 lunser,
952 1951 1132 2058 pretium
1160 1949 1395 2049 certaminis,
1415 1936 1457 2027 in
1486 1943 1641 2023 Ordine

262 2069 533 2181 Philosophiae
552 2089 594 2154 et
610 2075 835 2154 Literarum
861 2074 1161 2154 Humaniorum
1178 2074 1228 2154 de
1251 2095 1374 2152 manu
1394 2072 1484 2148 meu
1501 2081 1641 2171 accep

263 2207 393 2268 turus.

319 2388 596 2496 Comparcto,
626 2387 701 2466 Vir
724 2388 1020 2486 ornatissime,
1050 2389 1273 2468 Gurrarrsr
1304 2387 1463 2468 Castore
1488 2389 1641 2483 Vrorora

262 2512 355 2590 Vsu
380 2537 456 2591 orn
480 2511 612 2612 Daca,
633 2512 704 2622 qui
724 2505 903 2590 summos
918 2511 999 2620 jam
1017 2513 1061 2592 in
1078 2515 1175 2592 Jure
1194 2511 1370 2592 bonores
1389 2537 1433 2591 es
1452 2501 1640 2622 adeptus,

261 2637 436 2743 peractis
456 2652 538 2716 tarn
557 2633 810 2717 laudabiliter
830 2634 999 2731 studiis,
1013 2653 1060 2716 ut
1079 2639 1169 2716 Tua
1189 2635 1398 2743 diligentia
1412 2633 1641 2742 laborisque

264 2761 494 2870 constantia
533 2761 678 2850 merito
723 2760 893 2868 reliquis
932 2759 1142 2867 discipulis
1186 2762 1231 2839 in
1273 2760 1503 2867 exemplum
1544 2783 1641 2866 ριιι-ι

264 2899 455 2991 ponatur.
545 2950 548 2959 ,

319 3074 455 3154 Trado
486 3078 622 3184 itaque
653 3062 782 3152 Vobis
801 3070 853 3151 ad
882 3072 1096 3151 articulum
1123 3072 1306 3152 CXLVII
1333 3072 1641 3153 Constitutionis

263 3198 401 3299 Regiae
431 3197 482 3271 de
510 3199 557 3272 U.
584 3199 612 3271 l.
632 3195 714 3272 haec
733 3194 902 3272 honoris
920 3212 1164 3273 ornamenta.
1184 3196 1266 3274 Ubi
1288 3223 1381 3273 cum
1401 3195 1640 3301 competito⁴

265 3316 383 3396 ribus
405 3313 622 3425 aliquando
648 3316 692 3393 in
710 3314 943 3395 obtinendis
966 3316 1205 3423 muneribus
1224 3319 1397 3429 publicis
1415 3317 1543 3423 Vobis
1565 3319 1642 3397 erit
1694 3384 1701 3395 .

266 3435 620 3539 contendendum,
636 3453 683 3517 ut
701 3438 919 3519 certissima
937 3438 1142 3546 dignitatis
1154 3440 1306 3521 indicia
1319 3443 1364 3521 in
1376 3439 1641 3543 mediumilla
1732 3473 1738 3501 ¹

265 3561 437 3643 fidentes
458 3558 700 3670 profertotel
1601 3593 1605 3599 ·
1630 3594 1633 3601 ·

322 3741 455 3847 Atque
477 3716 615 3814 ollicio
627 3735 706 3814 hoc
725 3760 836 3839 meo,
855 3736 1021 3817 honoris
1036 3736 1378 3849 jucunditatisque
1395 3737 1639 3847 pleno,legi²

265 3863 367 3941 time
396 3858 633 3967 perfunctus
660 3859 867 3937 continere
885 3886 950 3937 me
973 3886 1057 3938 non
1076 3859 1390 3969 possum‚A.ll.²‚
1406 3847 1639 3969 qeinaninrl
1669 3908 1675 3913 „

267 3982 455 4063 dolorem
474 3981 601 4061 Vobis
622 3981 862 4086 significem,
882 3982 998 4092 quod
1016 3982 1329 4093 illustris-hujus
1342 3979 1639 4089 Senolespnia

267 4106 372 4187 mihi
399 4120 513 4185 erant
538 4103 800 4211 reliquenda,
825 4106 897 4186 ubi
919 4108 1008 4186 Viri
1029 4125 1112 4187 tam
1134 4109 1289 4215 ingenii
1300 4133 1421 4219 quern
1442 4104 1638 4185 doctrine

268 4229 389 4309 laude
414 4227 596 4337 praeclari
619 4252 736 4307 omne
763 4230 942 4309 studium
967 4249 1215 4346 omnemque
1238 4252 1406 4341 operam<
1424 4254 1474 4308 eo
1499 4228 1636 4308 conse-¹

268 4370 383 4455 runt,
400 4369 467 4455 ut,
487 4351 697 4463 juventute
718 4351 822 4432 bene
845 4352 1091 4433 instituenda
1110 4354 1217 4433 etad
1238 4368 1401 4431 omnent
1419 4372 1556 4432 rerum
1574 4351 1636 4430 di·-

269 4481 460 4557 vinarum
488 4477 838 4584 humanarumque
867 4476 1073 4555 scientiam
1102 4472 1375 4576 informandi,
1401 4489 1522 4586 qnam
1548 4473 1636 4552 lieri

272 4600 445 4679 maxime
475 4598 621 4707 possit,
649 4597 895 4707 Reipublicae
923 4597 1145 4678 commodis
1163 4622 1208 4679 ac
1230 4600 1486 4706 prosperitati
1509 4600 1636 4681 inser-
