4509 5875
583 674 644 773 'as
833 699 1076 770 cersiacus
1100 697 1201 768 can
1226 698 1343 770 vrcr.
1368 697 1472 770 vcu-
1488 697 1583 770 nura
1605 698 1726 769 nim

595 879 676 962 rale
696 874 1041 978 immutabilesit,
1065 878 1250 990 adeoque
1269 875 1378 960 idem
1404 878 1514 987 apud
1542 900 1682 1003 omnes
1705 891 1842 984 gentes
1860 901 1957 987 quas

595 1004 695 1081 ratio
719 997 910 1130 naturalb
938 998 1061 1080 ducit.

646 1211 707 1290 Ex
723 1211 879 1318 scriptis
897 1210 1062 1289 demum
1073 1225 1243 1306 constat,
1261 1206 1509 1291 voluntatem
1520 1207 1790 1293 transferendi
1803 1207 1847 1286 in
1855 1223 1957 1305 uno,

592 1330 822 1442 acquirendi
850 1333 894 1415 in
919 1331 1015 1433 alio,
1044 1357 1137 1414 cum
1164 1332 1334 1412 neutrali
1359 1349 1554 1441 potestate
1577 1330 1759 1439 junctam
1785 1345 1830 1409 et
1845 1343 1958 1408 exte-

590 1453 674 1534 rius
706 1451 994 1534 manifestatum
1023 1452 1074 1534 de
1100 1453 1190 1560 jure
1219 1455 1387 1534 naturali
1419 1454 1622 1554 sufficere,
1649 1472 1698 1534 ut
1727 1451 1957 1542 dommum

588 1574 861 1658 transferatur.
891 1578 992 1676 Quae
1028 1600 1126 1652 vero
1164 1573 1246 1678 jam
1277 1591 1496 1682 sequntur,
1522 1575 1707 1682 qimmvis
1735 1600 1783 1652 ea
1811 1568 1957 1648 nullibi

590 1697 819 1776 invenimus
848 1721 981 1805 neque
1017 1692 1261 1793 audivimus,
1288 1695 1384 1806 quia
1409 1711 1545 1776 tamen
1574 1691 1809 1772 naturaliter
1839 1687 1957 1770 nubis

595 1817 715 1897 obvia
736 1833 950 1915 venerunt,
969 1834 1009 1896 et
1027 1843 1116 1894 eam
1129 1841 1251 1926 quam
1278 1817 1541 1895 sustinuimus
1564 1815 1802 1896 sententiam
1821 1809 1954 1891 firma·

593 1965 701 2018 mare
715 1956 902 2046 possunt,
922 1938 987 2018 hic
1003 1939 1139 2018 nostrai
1153 1939 1386 2019 auctoritate
1403 1939 1542 2046 paucis
1561 1937 1697 2025 verbis
1712 1933 1955 2054 subjicimus.

587 2173 595 2195 ·
636 2145 793 2249 Nempe
819 2146 1192 2250 animadvertimus,
1217 2145 1325 2228 illam
1352 2145 1617 2227 transferendi
1647 2160 1688 2223 et
1712 2140 1948 2252 anquirendi

587 2264 837 2344 voluntatem
858 2287 945 2340 non
965 2265 1043 2340 nisi
1064 2267 1108 2338 in
1128 2291 1218 2338 rem
1234 2293 1309 2368 per
1327 2293 1371 2339 se
1388 2281 1541 2340 certam
1562 2267 1631 2367 (in
1649 2264 1843 2370 speciem)
1858 2287 1951 2342 con·
1987 2294 1994 2304 ’

590 2383 687 2465 ferri
703 2411 839 2491 posse3
859 2385 1014 2464 namin
1032 2410 1076 2462 re
1097 2406 1228 2492 perse
1244 2409 1331 2462 non
1349 2383 1681 2486 determinatd,v.
1697 2412 1733 2491 g.
1753 2387 1953 2491 ingerere

588 2507 653 2584 vel
680 2507 903 2617 quantitate
925 2504 1154 2584 dominium
1178 2531 1263 2584 non
1290 2505 1527 2612 concipitur.
1557 2505 1708 2612 Utique
1731 2507 1766 2584 si
1790 2531 1953 2586 servum

481 2692 487 2706 .
588 2645 748 2731 meum,
768 2650 866 2707 cum·
885 2627 1052 2707 unicum
1073 2626 1260 2724 babeam,
1280 2625 1356 2706 tibi
1380 2625 1532 2705 volenti
1553 2625 1794 2733 acquisitum
1811 2623 1951 2727 velim,

588 2761 630 2828 et
643 2749 798 2830 dehic
812 2751 953 2830 nostrl
966 2749 1171 2828 voluntate
1190 2761 1362 2843 constet3
1384 2749 1490 2827 servi
1511 2732 1738 2826 dominium
1756 2746 1891 2832 statim
1908 2750 1953 2826 in

585 2885 626 2951 te
649 2871 934 2979 abireabeque
949 2871 1164 2953 traditione
1184 2895 1299 2975 posse
1319 2868 1580 2978 concipimus.
1601 2869 1683 2951 Sed
1702 2871 1736 2951 si
1756 2896 1887 2951 unum
1902 2897 1949 2949 ex

585 2996 708 3071 sertis
735 2994 859 3090 meis,
888 2983 1148 3092 cumplures
1177 2988 1374 3089 habeam,
1410 3019 1496 3071 nou
1533 2991 1844 3074 determinatum
1882 3010 1952 3071 aut

587 3133 784 3190 summam
811 3109 992 3215 pecuniae
1022 3104 1098 3183 tibi
1127 3105 1333 3212 stipulanti
1360 3111 1632 3210 promiserim
1659 3114 1858 3217 quamdiu
1878 3138 1953 3191 ser·

587 3258 661 3311 vus
682 3230 789 3311 ullus
809 3228 1095 3309 determinatus
1116 3254 1199 3305 non
1223 3242 1300 3328 est,
1329 3242 1398 3305 aut
1426 3228 1583 3306 nummi
1604 3256 1691 3307 non
1716 3246 1812 3310 sunt
1830 3235 1952 3341 assig-

535 3456 540 3467 ι
584 3354 686 3453 nati,
706 3376 840 3461 neque
868 3353 913 3430 in
933 3353 1037 3431 servi
1065 3376 1200 3460 neque
1223 3350 1268 3428 in
1289 3376 1554 3430 nummorum
1575 3349 1804 3433 dominium
1820 3372 1950 3435 trane

586 3471 797 3553 ferendum
828 3489 898 3553 aut
936 3471 1229 3582 acquirendum
1254 3471 1445 3551 voluntas
1470 3472 1719 3579 intelligitur.
1749 3476 1831 3558 Ubi
1851 3506 1947 3559 vero

587 3594 865 3705 determinatio
888 3594 988 3675 facta
1009 3612 1085 3697 est,
1107 3594 1254 3702 nempe
1278 3592 1475 3675 electione
1497 3597 1617 3674 unius
1636 3623 1686 3675 ex
1702 3600 1826 3679 servis
1844 3600 1943 3679 meis

588 3736 657 3798 aut
679 3717 920 3799 indicatione
944 3744 1228 3816 nummorum;
1260 3716 1447 3797 voluntas
1469 3719 1512 3799 in
1536 3716 1831 3799 translationem
1858 3718 1944 3828 ejus

588 3838 660 3947 qui
686 3839 835 3921 electus
855 3858 918 3921 est
933 3842 1055 3942 servi,
1076 3838 1226 3919 horum
1250 3840 1323 3947 qui
1346 3836 1529 3945 assignati
1555 3856 1650 3919 sunt
1665 3866 1946 3944 nummorum,

588 3963 721 4041 statim
742 3960 890 4061 aderit,
912 3960 1095 4070 adeoque
1118 3962 1345 4067 dominium
1365 3960 1453 4069 jure
1479 3960 1648 4042 nanimli
1671 3960 1947 4069 transferetur,

587 4080 699 4163 nullo
723 4110 887 4195 quoqne
913 4080 1139 4164 traditionis
1157 4078 1262 4165 facto
1281 4082 1493 4165 mediante.

639 4272 764 4373 Quod
777 4275 870 4355 ideo
881 4276 1105 4383 posuimus,
1117 4277 1271 4387 nequis
1290 4276 1743 4385 objiciat,tradltionem
1758 4293 1857 4359 tunc
1873 4278 1941 4359 sal·

587 4412 669 4477 tem
683 4392 771 4505 jure
785 4398 956 4478 naturali
972 4398 1149 4508 requiri,
1165 4426 1258 4502 cum
1274 4426 1311 4479 v.
1333 4427 1369 4506 g.
1388 4398 1438 4481 de
1456 4403 1614 4484 summai
1629 4403 1807 4510 pecuniae
1823 4417 1941 4479 trans

587 4516 749 4601 ferenda
777 4516 928 4627 agitur,
959 4520 1093 4603 utilit
1119 4523 1164 4603 in
1196 4538 1361 4620 mutu0;
1389 4525 1483 4634 quia
1510 4524 1690 4634 pecunie
1717 4522 1942 4605 dominium
