4509 5875
786 598 1266 720 ¹rusucuurrrurus.
1688 669 1729 755 't

372 814 441 889 bec
463 815 632 889 ulteriori
644 811 811 887 doctrina
828 839 908 889 sam
933 844 1011 889 non
1030 810 1191 893 multum
1220 813 1418 914 profecisse
1433 813 1482 888 ab
1501 814 1659 890 eruditis
1677 818 1753 921 (7)⁸

369 932 601 1019 crediturus
615 952 697 1026 quae
709 932 837 1003 omnia
855 932 898 1001 in
913 932 1010 1003 luris
1027 931 1204 1004 Canonici
1215 951 1304 1005 usus
1317 944 1354 1003 et
1371 927 1510 1005 abusus
1528 946 1732 1029 vergerent.

335 1194 339 1199 ·
416 1145 539 1213 Artem
571 1161 657 1212 vero
685 1137 889 1235 Medicam,
915 1138 1035 1238 qualis
1062 1140 1130 1229 ista
1158 1136 1224 1211 illo
1250 1108 1323 1211 fuit
1350 1153 1539 1238 tempore,
1560 1139 1733 1240 discipuli

368 1253 597 1327 docebantur
618 1255 631 1348 (
656 1254 684 1349 ).

349 1544 351 1549 Ι
413 1449 542 1519 Literae
564 1447 821 1537 humaniores,
843 1448 928 1521 licet
951 1472 1000 1520 eae
1029 1444 1116 1518 fere'
1133 1470 1244 1518 omne
1271 1425 1437 1517 studium
1462 1444 1646 1545 complere
1672 1445 1734 1517 de·

365 1558 535 1635 buissent
551 1617 561 1650 ‚
580 1564 759 1659 quoniam
781 1564 1011 1637 Universitati
1042 1561 1188 1659 ipsimet
1208 1561 1389 1657 originem
1416 1560 1620 1647 dederuut,
1647 1560 1737 1659 quia

365 1678 491 1747 omnia
514 1678 553 1748 iu
577 1677 779 1773 Theologia
799 1678 1096 1765 collocabantur,
1117 1676 1164 1747 ad
1182 1692 1302 1770 usque
1319 1678 1419 1743 Jusrr
1444 1676 1553 1742 Iursu
1576 1688 1612 1743 et
1635 1674 1734 1742 sirni-

276 1866 279 1873 ‚
365 1788 459 1859 lium
487 1790 769 1887 coryphaeorum
787 1806 953 1892 tempora
969 1792 1021 1889 (9)
1043 1792 1154 1890 plane
1176 1784 1562 1883 negligebantur,2seu
1579 1786 1618 1854 in
1635 1785 1735 1856 com·

366 1922 501 1971 munes
517 1923 606 1969 usus
625 1900 928 1975 detrahebantur.
1023 1906 1028 1913 “

415 2064 662 2164 Philosophia
684 2078 808 2137 autem
836 2090 976 2139 numen
999 2067 1129 2164 (aliter
1147 2068 1249 2140 enim
1271 2065 1438 2163 neglecto
1466 2064 1732 2137 humaniorum

352 2170 556 2251 'literarum
579 2174 703 2250 studio
721 2180 868 2253 evenire
893 2204 970 2253 non
992 2182 1144 2279 potuit)
1163 2180 1268 2279 quasi
1284 2181 1475 2278 spinarum
1502 2178 1734 2251 scholastico-

367 2316 450 2365 rum
471 2307 507 2364 et
525 2291 796 2365 dialecticarum
818 2318 945 2381 causa,
971 2296 1075 2392 quod
1096 2288 1367 2382 nemo'nescit,
1392 2316 1463 2391 pro
1485 2294 1629 2363 ratione
1652 2290 1734 2362 illo·

367 2433 450 2481 rum
468 2406 700 2505 temporum,
722 2407 847 2481 adesse
870 2406 1065 2481 videbatur
1083 2409 1177 2505 (ro).

413 2616 584 2687 Attamen
609 2634 735 2711 sospes
765 2580 935 2707 sirtaque
964 2609 1098 2681 mansit
1119 2584 1248 2703 ingens
1269 2636 1337 2709 per
1363 2611 1492 2684 orbem
1522 2613 1621 2685 illius
1649 2617 1735 2685 Aca-

405 2802 449 2879 (7)
468 2806 568 2875 ,Quum
579 2802 697 2877 quidem
706 2801 878 2859 sententiam
892 2822 953 2858 non
967 2802 1069 2876 utique
1080 2819 1180 2857 verum
1194 2799 1318 2857 dixerim
1329 2827 1336 2855 ε
1347 2800 1512 2877 infringunt
1527 2803 1605 2858 enim
1617 2804 1737 2863 laudata

365 2916 538 2975 magnorum
551 2900 822 2956 Jureconsultorom
834 2910 862 2956 et
873 2898 993 2957 nomina
1006 2909 1035 2958 et
1050 2897 1089 2960 sb
1103 2898 1140 2956 iis
1158 2897 1259 2955 relicta
1283 2914 1394 2974 opers,
1415 2914 1479 2974 qua
1497 2898 1633 2958 omnibus
1652 2914 1734 2960 notu.

367 2996 481 3054 lauden
502 2995 615 3052 Curtius
629 2995 768 3054 clariores
785 2995 900 3074 aliquot
917 2995 996 3062 lhris
1013 2991 1195 3054 Professores
1212 2995 1233 3051 l.
1247 3015 1272 3053 c.
1288 3015 1321 3074 p.
1338 3003 1467 3066 lio—42·

404 3191 447 3269 (8)
463 3191 548 3247 Hune
563 3209 633 3247 vero
643 3203 735 3247 srtem
751 3190 877 3247 maxime
890 3189 1049 3266 inquinent
1061 3189 1117 3250 viri
1128 3189 1221 3264 docti,
1231 3209 1269 3247 ne
1285 3189 1397 3260 dicem,
1412 3189 1450 3246 ad
1466 3188 1565 3245 virum
1578 3203 1731 3263 resecant5

361 3286 429 3360 jure
449 3304 488 3341 an
504 3285 627 3358 injuria,
650 3304 711 3342 nou
727 3303 824 3342 meum
843 3297 885 3342 est
901 3285 1072 3348 discernere.
1090 3285 1270 3343 Professores
1289 3286 1431 3361 quosdam
1447 3285 1621 3343 celebriores
1634 3285 1736 3346 laudet

366 3381 445 3438 ldcm
460 3380 510 3436 ille
521 3381 640 3450 Curtius,
652 3400 683 3456 p.
699 3389 736 3448 44
750 3399 795 3456 sq.
809 3379 943 3466 Ceterum
958 3381 1110 3440 clarissimi
1121 3382 1210 3444 liuor
1223 3381 1416 3440 meminerint.

404 3553 449 3634 (9)
473 3553 627 3628 Collegium
646 3552 723 3610 enim
748 3555 906 3629 Tn'llngue,
928 3573 947 3612 ι
965 3575 997 3612 re
1010 3567 1168 3628 vocatum,
1188 3558 1255 3630 quis
1275 3557 1367 3614 nescit
1384 3573 1402 3610 a
1418 3553 1735 3633 Hrsr.Busn1nroin-

369 3648 501 3706 stitutum
514 3690 523 3720 ,
536 3649 589 3706 nbi
605 3649 749 3706 Hebraico
760 3691 768 3721 s
781 3651 880 3707 Graeca
897 3691 905 3720 ,
920 3651 1025 3708 Latine
1045 3662 1237 3728 praeceptores
1257 3653 1386 3710 habuere
1407 3671 1415 3706 t
1434 3647 1517 3724 quod
1532 3648 1627 3732 ipsum
1648 3647 1737 3706 insti·

368 3756 465 3801 tutum
483 3763 545 3800 non
571 3744 609 3801 ad
635 3749 760 3804 Batavos
779 3745 869 3803 modo
891 3747 1056 3818 descendit,
1084 3748 1135 3804 sed
1161 3748 1192 3804 in
1220 3747 1358 3822 Angliam
1385 3762 1504 3820 quoqne
1526 3745 1733 3803 unnsneavit.

369 3839 428 3898 Sed
447 3839 521 3914 quid
539 3839 663 3915 queris?
677 3841 736 3912 Qui
753 3841 823 3900 hinc
843 3841 996 3912 habuere,
1018 3844 1158 3900 continno
1172 3842 1308 3899 colebant
1320 3843 1374 3898 bes
1393 3843 1512 3910 Mosen
1531 3839 1584 3914 qui
1603 3841 1730 3913 dedere,

369 3935 613 4011 sspemabnntur.
635 3936 713 3993 Audi
741 3938 820 4012 spud
841 3941 975 4014 &prium
996 3939 1121 4016 neglecti
1150 3940 1239 4014 plene
1263 3938 1360 3995 Groecr'
1380 3935 1522 3994 sermonis
1544 3935 1637 4008 justes
1656 3955 1732 4012 qoe-

368 4033 444 4090 relas
464 4035 500 4088 L.
519 4033 581 4101 ΙΙΙ,
598 4051 623 4087 c.
647 4039 673 4098 4.
697 4033 803 4090 Nonne
826 4035 882 4092 hoc
900 4054 999 4092 rerum
1013 4021 1122 4092 intuito
1138 4033 1264 4106 (fixeris,
1283 4035 1359 4090 hanc
1375 4031 1602 4090 Universitstem
1627 4033 1731 4088 simul-

369 4146 404 4185 ιο
428 4126 488 4185 illis
504 4127 665 4197 doctrinis,
680 4128 787 4201 quibos
807 4129 871 4205 ipse
895 4129 990 4188 locem
1012 4131 1131 4200 debuit,
1155 4116 1348 4198 siledixerit,
1372 4128 1405 4185 in
1423 4125 1507 4204 pejus
1530 4143 1593 4184 ssse
1614 4145 1730 4186 serrem

369 4226 513 4302 longeque
534 4223 683 4282 recessisse
702 4225 740 4281 ab
759 4226 811 4284 illc
835 4217 1022 4286 humanitatis
1040 4229 1141 4290 cultu.
1158 4227 1226 4303 qui,
1243 4238 1275 4284 ot
1293 4227 1333 4284 its
1354 4225 1467 4297 dicem,
1487 4232 1610 4299 αὐτόχθων
1632 4225 1730 4286 inbre

370 4320 485 4378 civitate
506 4320 584 4378 fuit?

410 4492 473 4571 (ιο)
489 4495 611 4572 Collegii
627 4497 737 4559 Philos.
757 4499 936 4559 Professores
947 4498 1014 4558 vide
1029 4501 1108 4576 opud
1129 4500 1253 4562 eundern
1275 4503 1401 4560 &mbos
1417 4505 1441 4564 l.
1458 4523 1487 4562 c.
1504 4523 1534 4581 p.
1553 4504 1594 4572 lo
1605 4521 1651 4578 sq.

494 4595 591 4662 Tom.
611 4597 641 4664 l.
1531 4597 1554 4669 3
