4509 5875
368 715 371 722 .
422 607 424 612 ⁵
479 729 482 734 ,
600 655 1285 747 nssrousrosooonsr.rua1o.
1578 647 1623 722 ss

179 939 181 946 Ι
261 841 340 920 tori
362 840 450 920 nil
436 841 537 949 juris
561 855 761 945 competat
772 855 915 948 praeter
928 837 1066 948 quod
1055 865 1133 946 rpsr
1121 834 1386 920 adebitore
1393 855 1625 914 concessum

261 979 336 1060 est,
355 962 487 1068 palam
504 975 580 1054 est,
593 961 638 1036 in
655 959 787 1064 specie
808 984 902 1037 eum
921 982 1009 1038 rem
1025 957 1202 1041 vendere
1220 964 1474 1114 nequaquam
1488 983 1623 1064 posse,

262 1112 306 1163 ιιι
294 1083 480 1164 furtum
497 1081 728 1161 committat

311 1307 392 1388 Sed
419 1305 616 1416 objiciunt
640 1305 772 1412 legem
794 1320 981 1416 quartam
1000 1303 1040 1384 ιι.
1069 1303 1120 1386 de
1138 1306 1335 1413 pignorat.
1354 1323 1426 1384 act
1446 1305 1513 1386 vel
1531 1327 1627 1383 con-

260 1432 453 1541 tra,·qua
478 1432 692 1538 scriptum,
716 1447 780 1529 ut,
806 1431 840 1508 si
868 1431 1103 1510 convenerit
1131 1457 1183 1508 ne
1216 1431 1362 1537 pignus
1388 1421 1629 1508 distrahere·

259 1565 328 1630 tur
339 1610 351 1652 ,
364 1550 585 1632 distrahere
603 1570 736 1632 tamen
754 1552 905 1657 pignus¹
922 1550 1098 1631 creditor
1119 1552 1262 1658 possit,
1284 1549 1357 1630 ubi
1374 1549 1549 1629 debitori
1567 1567 1630 1640 ter

262 1673 377 1778 prius
396 1671 714 1768 denunciaverit,
732 1687 779 1748 ut
795 1672 942 1767 solvat;
964 1668 1149 1779 adeoque
1169 1671 1311 1750 falsum
1331 1670 1444 1780 quod
1459 1699 1535 1750 nos
1551 1697 1631 1750 sus·

264 1794 465 1894 tinemus,
486 1790 663 1872 vendere
685 1793 833 1899 pignus
853 1791 1095 1874 creditorem
1119 1793 1233 1873 nullo
1258 1793 1381 1884 modo
1402 1820 1529 1902 posse.
1549 1791 1630 1874 Sed

264 1933 324 1996 est
344 1915 447 1996 illud
463 1941 559 2023 cum,
575 1916 833 2000 distinctione
852 1915 1027 2026 quddam
1045 1913 1364 2022 intelligendum.
1383 1919 1507 1996 Forte
1521 1917 1631 1995 enim

266 2037 428 2118 debitor
446 2037 611 2135 dixerit,
625 2065 686 2134 ue
709 2037 857 2144 pignus
877 2038 1185 2141 distraheretur,
1204 2041 1299 2149 quia
1317 2035 1419 2117 illud
1435 2038 1515 2118 sibi
1526 2065 1630 2117 con·

265 2187 425 2242 servare
451 2159 606 2258 mallet,
625 2187 711 2240 non
733 2163 901 2240 omnino
926 2162 1107 2269 pignoris
1129 2161 1408 2242 venditionem
1428 2161 1632 2263 inhibuit,

265 2282 338 2364 sed
367 2300 508 2362 votum
531 2283 726 2384 expressit
739 2309 826 2374 ,ne
853 2283 995 2370 resibi
1023 2283 1115 2362 card
1136 2285 1383 2390 privaretur3
1403 2310 1488 2393 quo
1518 2309 1631 2380 caso,

267 2403 365 2514 quia
384 2429 468 2499 non
487 2423 669 2506 expressa
688 2395 909 2504 prohibitio
930 2412 1011 2498 est,
1029 2395 1370 2503 admisere'teges‚
1391 2421 1439 2481 ot
1458 2417 1551 2508 post
1566 2405 1633 2482 tri·

266 2524 415 2631 plicem
443 2520 808 2627 interpellationem
838 2517 1014 2598 creditor
1049 2517 1269 2601 distrahere
1297 2522 1444 2629 pignus
1469 2541 1633 2628 posset:

265 2639 337 2724 sed
362 2641 435 2719 ubi
457 2640 592 2719 verbis
619 2642 815 2748 expressis
833 2639 994 2718 debitor
1017 2639 1140 2740 dixit,
1156 2668 1200 2719 se
1221 2641 1336 2719 nullo
1356 2641 1481 2722 modo
1499 2672 1633 2755 neque

265 2763 351 2844 ullo
377 2765 419 2842 in
446 2791 539 2842 casu
565 2762 689 2864 velle,
715 2779 762 2841 ut
790 2789 853 2841 res
875 2789 946 2841 sua
969 2762 1239 2861 distrahatur,
1268 2767 1316 2841 et'
1330 2765 1387 2844 sic
1409 2767 1633 2873 prohibitio

267 2887 472 2969 vendendi
499 2884 706 2967 manifesta
729 2884 862 2983 adest;
879 2903 977 2967 tunc
998 2885 1138 2967 saltem
1157 2879 1298 2967 verum
1318 2903 1380 2967 est
1401 2887 1516 2998 quod
1537 2901 1632 2999 pro-

267 3010 472 3109 bavimus,
496 3010 796 3110 distractionem
816 3011 998 3127 pignoris
1016 3010 1208 3089 creditori
1226 3012 1393 3090 omnino
1414 3012 1632 3117 prohiberi.

291 3215 468 3290 Praeter
488 3192 707 3287 creditores
727 3222 860 3286 autem
883 3223 978 3286 sunt
999 3200 1124 3287 etalii
1149 3212 1243 3317 qui,
1268 3212 1450 3318 quamvis
1477 3210 1633 3298 domiui

269 3360 354 3415 non
374 3335 475 3429 sint,
496 3347 630 3410 tamen
658 3327 923 3409 transferendi
945 3329 1160 3451 traditione
1186 3348 1426 3437 potestatem
1443 3320 1634 3449 habeant,

273 3458 429 3538 domini
458 3454 662 3532 voluntate
686 3479 933 3549 concessam
957 3454 1017 3532 uti
1039 3442 1192 3535 omnes
1198 3456 1257 3535 illi
1272 3457 1422 3567 quibus
1443 3484 1492 3536 ex
1510 3484 1631 3561 gene·
1727 3542 1730 3545 ,

271 3579 344 3659 rali
369 3594 438 3657 aut
458 3574 617 3684 speciali
638 3573 794 3653 domini
814 3573 1000 3655 mandato
1024 3576 1162 3656 datum
1182 3595 1259 3679 est,
1280 3596 1431 3657 utrem
1449 3579 1535 3685 ejus
1553 3595 1632 3658 tra·

272 3698 406 3783 dendo
425 3700 617 3779 alienent:
630 3698 730 3776 nihil
740 3698 848 3777 enim
858 3699 1039 3799 interest,
1055 3702 1211 3779 utrum
1200 3728 1285 3808 ipse
1301 3699 1491 3780 dominus
1502 3700 1633 3780 tradat

273 3853 359 3905 rem
373 3850 501 3921 suam,
516 3850 567 3901 an
575 3821 781 3902 voluntate
800 3821 885 3928 ejus
894 3820 1078 3929 alius(1),
1091 3849 1184 3937 cum
1192 3821 1306 3932 quod
1316 3851 1389 3932 per
1402 3822 1525 3901 alium
1541 3825 1634 3931 quis

273 3946 386 4047 lacit,
406 3948 489 4053 ipse
508 3945 645 4024 fecisse
662 3942 854 4024 videatur.
882 3942 974 4047 Qud
999 3948 1154 4026 ratione
1173 3946 1207 4025 si
1227 3948 1292 4025 cui
1312 3947 1551 4042 nominatim
1570 3946 1632 4025 in-

276 4068 460 4177 junctum
483 4084 542 4145 est
569 4094 590 4143 a
616 4066 799 4166 domino,
818 4085 866 4148 ut
892 4096 978 4149 rem
1005 4070 1160 4172 tradat,
1174 4097 1294 4149 nemo
1316 4070 1504 4176 ambigit,
1531 4071 1633 4179 quin
1659 4098 1662 4103 ·

191 4190 504 4313 dominium
522 4189 608 4297 ejus
630 4190 688 4267 rei
710 4190 918 4319 transferat
937 4193 980 4272 in
1001 4194 1264 4301 accipientem
1282 4192 1359 4297 (a),
1377 4216 1451 4270 nec
1469 4189 1550 4273 ulla
1568 4192 1633 4271 hic

321 4397 370 4497 (ι)
394 4408 474 4475 inst.
487 4407 545 4474 lib.
564 4430 603 4487 a,
617 4409 667 4473 tit.
687 4430 701 4472 ι
711 4412 816 4487 ,sla

319 4512 369 4601 (a)
389 4514 423 4581 b.
440 4514 670 4601 37adSCtum
692 4514 823 4583 Τιοιι...
838 4513 874 4581 L.
891 4511 975 4581 33ιι.
995 4512 1122 4605 d.eacq
1146 4534 1230 4603 pots.
1242 4528 1304 4583 etc.
