4509 5875
578 645 622 690 aa
1219 618 1348 686 ACTA

578 799 660 877 fere
689 797 915 902 argumenti
948 792 1114 901 epistola
1143 794 1232 870 Viri
1252 788 1511 869 illustrissimi
1538 787 1695 866 Summi
1713 789 1874 866 Artium
1904 803 1947 866 et

578 919 890 1026 Disciplinarum
912 913 1085 994 Praefecti
1103 915 1249 1020 scripta
1266 908 1333 991 dic
1350 911 1467 990 XXII
1494 908 1642 1016 Aprilis
1667 906 1950 988 MDCCCXIX

579 1038 630 1117 ad
661 1040 850 1122 Senatum
872 1036 1122 1144 perveniret,
1144 1035 1369 1114 orationem
1391 1031 1500 1148 illam
1537 1031 1581 1109 in
1617 1027 1839 1109 Annalibus
1854 1055 1946 1149 'me-

579 1159 814 1240 morandam
837 1185 943 1260 esse,
974 1156 1181 1237 decretum
1204 1155 1290 1258 est.)

939 1383 1044 1438 inno
1074 1382 1264 1436 uncccxtx
1285 1381 1351 1434 nus
1368 1379 1450 1432 xvu
1472 1377 1585 1432 sumt.

523 1565 527 1575 '
632 1551 800 1632 Senatus
819 1535 1080 1632 Academicus
1096 1551 1283 1632 ordinem
1302 1553 1345 1629 in
1365 1548 1586 1630 deferendo
1609 1544 1739 1654 gradu
1759 1549 1944 1627 Doctoris

578 1672 841 1772 servandum,
862 1702 985 1782 quem
1001 1673 1084 1780 jam
1102 1700 1210 1754 anno
1233 1672 1360 1780 priori
1380 1669 1779 1770 decreverat‚denuo
1798 1671 1964 1752 exami-.

579 1794 710 1895 navit,
730 1811 771 1873 et
795 1794 847 1873 ad
870 1821 964 1874 eum
982 1790 1174 1894 modum,
1191 1820 1276 1902 quo
1298 1789 1468 1882 iuferius
1486 1791 1565 1872 sub
1583 1791 1633 1872 N.
1654 1794 1711 1871 IV
1726 1790 1846 1900 hujus
1868 1793 1947 1869 An-

579 1914 733 1994 nalium
748 1917 872 2022 partis
892 1915 1059 2020 legitur,
1086 1913 1274 1994 decrevit.

1132 2130 1196 2184 DIE
1219 2129 1261 2183 x1
1278 2130 1384 2184 tntu.

629 2300 667 2378 A
686 2300 834 2380 Senatu
856 2299 1095 2381 Academico
1115 2257 1323 2382 nominati
1333 2317 1429 2382 sunt
1445 2297 1748 2396 sexCaudidati‚
1767 2324 1944 2409 quorum

576 2423 742 2502 nomina
769 2425 1028 2504 mitterentur
1060 2451 1109 2503 ex
1136 2421 1224 2528 lege
1255 2422 1307 2502 ad
1333 2425 1484 2528 Regem
1503 2422 1842 2527 Angustissimum
1859 2479 1870 2516 ,
1885 2435 1946 2499 ut

577 2569 626 2621 ex
653 2544 703 2623 iis
726 2545 938 2627 Rectorem
973 2541 1234 2652 Magnificum
1263 2545 1358 2624 anni
1389 2544 1573 2651 proxime
1599 2542 1804 2652 sequentis
1835 2538 1949 2630 desi·.,

574 2681 724 2770 gnaret.

1100 2794 1168 2846 mu
1188 2793 1204 2844 1
1223 2794 1396 2846 Ausum
1521 2820 1525 2829 ·

627 2955 791 3034 Senatui
811 2955 1050 3036 Academico
1068 2956 1217 3035 Rector
1233 2952 1468 3060 Magnificus
1496 2956 1703 3035 nunciavit
1723 2933 1946 3035 Decretum·
2044 3004 2050 3013 ·

371 3130 374 3137 -
427 3102 430 3107 ’
576 3077 769 3180 Regium,
792 3103 876 3186 quo
901 3077 1048 3155 Rector
1076 3075 1313 3191 Magnificus
1332 3078 1377 3153 in
1403 3102 1555 3155 annum
1572 3074 1857 3156 Academicum
1880 3072 1946 3155 sel

575 3206 768 3304 quentem
795 3196 1024 3301 designatus
1059 3216 1118 3277 cst
1155 3200 1239 3277 Vir.
1273 3197 1375 3277 Clar.
1405 3200 1438 3276 J.
1468 3198 1513 3277 F.
1538 3198 1739 3277 Sarrutur
1763 3198 1941 3303 Discipp.

573 3316 695 3417 Math.
717 3317 893 3423 etPhys.
922 3318 1128 3402 Professor
1152 3318 1267 3423 Ord.‚
1291 3320 1399 3399 cuia
1420 3317 1596 3422 Collegis
1615 3315 1718 3397 facta
1736 3334 1796 3397 est
1813 3334 1942 3424 gratu-

574 3437 682 3533 latio.
706 3440 802 3543 Quo
822 3437 925 3519 facto
944 3468 969 3522 a
990 3441 1231 3531 Senamsex
1259 3440 1457 3534 nominati
1478 3455 1573 3519 sunt
1592 3438 1823 3541 Candidati,
1835 3466 1940 3548 qno·

575 3584 667 3639 rum
695 3560 862 3643 nomina
889 3562 1153 3645 minerenuu.
1172 3564 1224 3642 ad
1249 3562 1473 3650 Academiae
1495 3560 1733 3660 Curatores,
1750 3576 1800 3639 ut
1819 3585 1868 3641 ex
1891 3560 1943 3658 iis

575 3678 745 3775 Senatus
765 3674 1054 3792 Graphiarium
1075 3684 1172 3766 anni
1196 3686 1379 3791 proxime
1400 3683 1606 3791 sequentis
1622 3680 1911 3786 desiguprentf

953 3956 956 3968 ,
1075 3900 1140 3953 nm
1166 3899 1237 3952 vm
1263 3899 1436 3958 nneusrr.
1557 3892 1563 3899 ⁴
1681 3887 1685 3894 “

587 4108 594 4121 ·
627 4068 676 4143 A«
702 4068 851 4149 Senatu
875 4069 1139 4174 Academico,
1171 4090 1345 4177 rogante
1374 4075 1475 4171 ¹Viro
1505 4072 1607 4152 Clar.
1635 4074 1685 4152 Gz
1713 4074 1746 4152 J.
1778 4073 1939 4151 umal

573 4183 671 4265 Phil
686 4186 985 4271 theonestus
999 4192 1120 4270 llum.
1138 4192 1367 4275 Profemore
1387 4193 1485 4274 Ord.
1497 4210 1539 4273 et
1548 4193 1803 4277 Bibliothecae
1816 4186 1947 4277 neat·

574 4305 785 4412 truecto,
804 4310 965 4393 decreta.
980 4331 1089 4395 suut.
1103 4327 1248 4397 statuta
1273 4300 1530 4397 Bibliotheca·
1554 4317 1951 4424 nudantemque,

574 4426 742 4511 inferius
758 4432 836 4515 sub
861 4436 910 4537 N.
939 4439 977 4516 V
997 4436 1119 4544 hujus
1137 4436 1354 4519 Annalium
1375 4442 1500 4548 pnrt'u
1516 4440 1716 4547 leguntur.
