4509 5875
292 654 747 769 UNIVERSITAS
784 654 1238 766 LOVANIENSIS
1275 656 1656 764 LITERARIA.

960 1144 990 1223 1.

415 1386 425 1403 '
529 1412 1034 1543 nacarat
1086 1370 1426 1567 aucta
1557 1486 1568 1506 ·

712 1754 1042 1887 ACTAQuu
1077 1751 1240 1855 Atra

319 2032 404 2111 AD
442 2028 981 2114 RESTAURANDAM
1032 2029 1622 2132 ORDINANDAMQUE

516 2203 1010 2287 UNIVERSITATEM
1041 2203 1430 2287 SPECTANTIA.

745 2511 1205 2551 ψ

288 2698 519 2827 Vnnaunnu
538 2768 712 2828 monere.
735 2743 837 2815 velut
858 2744 897 2815 in
918 2744 1035 2831 atrio,
1054 2742 1100 2813 de
1117 2745 1269 2839 antiqua
1282 2745 1522 2818 Universitate
1543 2751 1656 2821 Lora·
1812 2779 1817 2791 ·

285 2863 405 2935 niensi
455 2885 532 2931 non
558 2856 654 2930 forte
686 2857 854 2954 ineptum
882 2853 995 2927 fuerit
1012 2881 1027 2946 :¹
1046 2855 1172 2925 matris
1193 2857 1304 2927 euim
1322 2932 1327 2946 ‚
1344 2856 1535 2956 oblivisci,
1565 2858 1656 2933 dum

286 2973 399 3046 filiam
422 2996 553 3044 ornare
574 2972 699 3070 cupis,
717 2968 819 3044 nefas
839 2983 903 3042 est.

331 3155 527 3230 Academia
552 3154 791 3228 Lovanieusis
808 3151 962 3248 antiqua
983 3164 1039 3224 tot
1059 3163 1322 3249 tantorumque
1356 3150 1654 3226 doctissimorum

284 3273 450 3341 urorum
481 3265 687 3362 frequentia
719 3279 755 3336 et
787 3264 905 3358 gloria
942 3262 1096 3350 florens,
1125 3289 1215 3338 mox
1246 3266 1397 3354 amula,
1423 3289 1512 3338 mox
1525 3267 1655 3338 victrix

285 3379 460 3462 aliarum,
494 3377 726 3447 coloniensis
763 3376 947 3472 praeeipue
984 3390 1022 3447 et
1050 3379 1261 3451 Parisiensis
1302 3378 1603 3465 Academiarum,
1635 3403 1656 3449 a

284 3495 425 3561 Ioanne
439 3491 489 3560 tv
506 3485 706 3559 Brubantiae
727 3489 869 3559 Cornite
892 3487 1158 3580 illustrissimo,
1180 3493 1341 3590 impulsu
1362 3492 1567 3591 praeprimis
1584 3495 1654 3562 Eu·

286 3625 448 3673 ornnsnrr
461 3605 631 3673 Nasssvrr
646 3624 688 3672 ac
699 3599 966 3699 comprobante
979 3603 1032 3700 (r)
1046 3607 1220 3675 Manrrno
1233 3610 1283 3690 V,
1301 3611 1451 3676 Summo
1467 3601 1654 3689 Pontifice,

283 3739 383 3788 anuo
401 3713 468 3804 Sal.
488 3717 709 3788 MCDXXVI
732 3713 951 3788 felicissimis
976 3715 1149 3812 auspiciis
1171 3713 1217 3786 ad
1245 3715 1430 3811 exemplar
1457 3711 1654 3786 Colonien-

285 3829 352 3915 sis,
367 3827 471 3922 eujus
485 3827 599 3902 veluti
621 3827 700 3900 fitia
716 3829 826 3927 eique
846 3829 883 3900 in
903 3826 1206 3902 omnibusrebus
1220 3827 1408 3902 simillima
1428 3825 1558 3900 haberi
1583 3851 1651 3924 po·

284 3955 374 4029 teat,
396 3942 656 4014 instituebatur
677 3942 691 4038 (
714 3942 742 4038 ).
1004 3943 1010 3954 '

325 4129 368 4210 (ι)
389 4133 479 4204 Quod
506 4133 615 4198 turtum
640 4134 763 4212 legimur
792 4153 870 4199 anno
888 4114 988 4202 Salat.
1012 4135 1207 4212 MCDXXV,
1231 4153 1309 4195 anno
1336 4154 1440 4214 nempe
1470 4147 1536 4193 ante
1561 4094 1653 4211 ouum
1805 4217 1808 4223 Ι

285 4247 387 4308 reapse
400 4231 538 4289 lectionar
551 4229 653 4288 heberi
667 4231 788 4306 placuit.

325 4403 369 4480 (a)
380 4405 445 4462 vid.
456 4407 580 4463 unm
596 4404 628 4461 in
645 4406 723 4480 Opp.
742 4405 961 4482 Diptonmtieor.
974 4409 1007 4466 Τ.
1025 4409 1054 4484 1,
1071 4425 1101 4486 p.
1121 4407 1179 4468 223
1193 4427 1262 4488 tq„
1281 4409 1352 4468 coll.
1371 4427 1401 4486 p.
1420 4405 1476 4467 ssi
1494 4426 1558 4484 sqq.
1578 4406 1651 4464 Leo·

287 4499 380 4558 tiones
396 4499 464 4577 ipss
479 4501 526 4560 die
541 4503 571 4560 tt
588 4500 725 4561 Octobris
740 4500 962 4563 tnetorbmtur.
