4509 5875
604 631 853 750 aratorum
876 675 939 742 an
962 674 1130 764 Qussr.
1154 675 1296 744 ruam.
1588 671 1629 746 15
1688 628 1690 633 ’

271 851 362 966 quis
388 851 514 951 dicet,
531 851 627 934 inde
649 851 783 959 colligi
805 879 937 961 posse,
953 851 1210 938 traditionem
1228 855 1272 934 in
1288 851 1539 965 acqmrcndis
1559 850 1633 933 do·

269 975 406 1054 miniis
421 973 510 1081 jure
528 973 696 1053 naturali
719 975 892 1081 requiri?
911 976 1022 1075 Quin
1040 977 1124 1053 imo
1140 975 1377 1080 indec'olligi
1391 1002 1476 1055 non
1490 992 1637 1083 potest,

272 1093 383 1204 quod
403 1111 537 1172 tamen
554 1118 638 1174 non
655 1118 866 1196 negamus,
885 1095 1190 1200 occupationem
1208 1095 1427 1202 requiri'in
1449 1096 1638 1177 dominiis

271 1213 484 1322 originarie
518 1211 793 1322 acquirendis,
823 1239 961 1292 rerum
993 1213 1144 1316 scilicet
1174 1238 1264 1323 quae
1288 1212 1439 1294 nullius
1460 1235 1576 1318 sunt,
1599 1237 1639 1299 et
1766 1240 1770 1245 “

272 1361 375 1446 quaa,
396 1335 492 1445 quia
516 1325 729 1418 dominum
753 1361 838 1414 non
860 1334 1288 1439 habent,“communcs
1316 1359 1505 1415 essenon
1534 1332 1640 1438 desi-

272 1451 484 1564 nunt,-nisi
506 1459 707 1540 mediante
725 1457 828 1540 facto
844 1458 1014 1539 naturali
1035 1459 1383 1540 ed'communioue
1405 1458 1639 1575 eximantur.

327 1737 436 1840 Ergo
456 1734 672 1842 probatum
690 1751 764 1836 est,
781 1733 1038 1820 traditionem
1051 1735 1141 1846 jure
1153 1732 1267 1817 ¹civili
1278 1735 1329 1815 ad
1339 1727 1643 1816 translationem

276 1856 446 1942 dominii
473 1856 650 1970 requiri,
671 1857 761 1966 jure
791 1876 925 1938 autem
949 1857 1121 1940 naturali
1153 1857 1367 1939 traditione
1396 1885 1480 1953 non
1496 1858 1643 1964 potius

276 2005 397 2088 quam
423 1979 502 2060 alio
532 1980 675 2091 quovis
699 1981 815 2086 signo
845 1980 958 2092 quod
983 1980 1231 2062 voluntatem
1254 1979 1429 2058 exterius
1453 1979 1643 2075 declaret,

276 2125 377 2206 opus
404 2127 501 2179 esse.
532 2099 612 2180 Sed
642 2100 898 2183 traditionem
929 2121 1064 2182 tamen
1092 2102 1326 2212 requisitam
1347 2099 1480 2179 luisse
1506 2099 1644 2180 multis

277 2220 464 2324 gentibus
480 2219 777 2322 observamus,
811 2243 930 2328 atquc
969 2225 1062 2303 ideo
1086 2225 1188 2326 juris
1216 2218 1400 2323 gentium
1422 2218 1642 2324 improprie

279 2341 452 2438 dictam;
479 2356 568 2418 tum
597 2339 692 2450 quia
724 2339 909 2420 voluntas
943 2338 1099 2422 domini
1131 2340 1259 2444 magis
1289 2366 1412 2448 quam
1445 2337 1527 2423 alia
1548 2337 1642 2423 utto

279 2462 395 2570 signo
423 2460 630 2574 manifesta
646 2459 693 2539 fit
714 2460 944 2560 traditione,
965 2463 1060 2572 quia
1082 2453 1233 2542 scilicet
1255 2487 1300 2541 re
1317 2463 1389 2540 sud
1414 2461 1644 2565 semetipse

284 2583 432 2690 privat,
457 2600 504 2662 ut
528 2579 629 2662 alius
657 2610 745 2663 eam
764 2585 913 2692 capiat;
940 2602 1030 2668 tum
1050 2586 1159 2694 quia
1169 2583 1386 2681 traditione
1407 2581 1490 2685 hoc¹
1505 2581 1643 2686 singu·

284 2703 363 2782 lare
387 2701 580 2806 efficitur,
598 2704 711 2816 quod
730 2705 809 2786 alio
829 2706 946 2812 signo
970 2734 1054 2788 uon
1077 2705 1323 2804 efficeretur,
1341 2723 1389 2787 ut
1413 2703 1552 2792 cadem
1582 2729 1646 2785 res

220 2911 226 2922 ,
279 2825 399 2906 variis
425 2825 587 2908 alienari
615 2854 700 2906 nou
732 2845 872 2939 queat,
892 2827 1059 2934 alienata
1078 2855 1172 2908 cum
1188 2853 1278 2911 nou
1290 2826 1553 2934 intelligatur,
1574 2823 1653 2918 nisi

278 2947 423 3029 tradita
445 2950 516 3050 sit,
540 2949 650 3031 unde
673 2952 870 3057 accipiens
893 2952 1041 3025 certior
1059 2947 1129 3043 lit,
1146 2948 1226 3024 sibi
1247 2974 1336 3035 rem
1352 2948 1507 3052 acquiri
1526 2970 1651 3055 quam

278 3068 489 3147 adomino
520 3072 684 3172 accipit,
711 3070 797 3143 aliis
822 3080 956 3143 autem
991 3064 1227 3171 acquisitam
1261 3090 1346 3141 non
1373 3090 1458 3141 esse
1497 3064 1647 3170 quibus

281 3212 405 3297 porro
433 3186 620 3263 nonfuit
647 3182 803 3263 tradita.
832 3184 905 3263 His
945 3183 1169 3266 rationibus
1200 3199 1319 3263 motae
1350 3200 1504 3289 gentes.
1529 3210 1650 3291 quarn

251 3307 494 3420 ·plurimae,
523 3321 570 3383 ut
598 3302 862 3405 dicebamus,
893 3304 1153 3388 traditionem
1185 3322 1424 3414 receperunt
1453 3295 1500 3385 in
1524 3322 1653 3403 mane

284 3427 454 3509 ferendo
485 3425 692 3523 dominio,
722 3426 793 3506 sed
822 3454 906 3505 non
936 3454 1093 3524 omnes3
1122 3456 1218 3510 nam
1242 3427 1392 3509 alicubi
1413 3444 1650 3533 usurpatum

286 3549 491 3649 videmus,
508 3536 573 3638 {ut
605 3546 800 3657 professio
833 3548 942 3659 apud
967 3549 1165 3659 populum
1202 3568 1272 3631 aut
1301 3551 1575 3657 mgistratum
1608 3561 1650 3627 ct
1732 3561 1739 3573 '

287 3671 428 3754 relatio
447 3672 490 3749 in
509 3688 594 3751 acta
613 3671 906 3783 requiratur(1)
920 3730 932 3774 ,
946 3688 986 3753 et
998 3673 1147 3751 uostris
1154 3672 1407 3781 temporibus
1422 3672 1468 3751 in
1485 3669 1649 3773 regione
1741 3670 1747 3682 ’

288 3794 424 3877 nostrai
451 3793 616 3874 traditio
645 3820 811 3905 quoque
838 3794 1008 3902 amplius
1028 3820 1113 3876 non
1134 3793 1412 3895 desideramr,
1430 3791 1491 3872 uti
1514 3803 1651 3897 postca

287 3915 561 4022 probabimus.
582 3914 706 4017 Quod
734 3934 1018 4025 argumentum
1049 3934 1108 3999 est
1138 3945 1223 3998 non
1250 3914 1409 4016 debile,
1434 3938 1517 4023 quo
1547 3939 1647 3994 con·

288 4034 468 4118 firmatur
490 4036 603 4145 quod
623 4039 886 4139 sustinemus,
912 4039 1239 4123 traditionemad
1252 4036 1553 4134 translationem
1573 4031 1647 4115 do·

288 4158 402 4239 minii
431 4154 590 4264 dejure
617 4160 786 4239 naturali
806 4189 890 4241 non
920 4188 1012 4267 esse·
1026 4163 1309 4262 necessariam
1330 4186 1423 4243 cum
1447 4158 1514 4271 jus
1538 4174 1646 4241 natu·

339 4418 387 4511 (ι)
408 4422 552 4489 Gaorrus
566 4421 608 4490 de
621 4423 689 4489 lur.
702 4421 782 4488 Bell.
796 4436 829 4489 ct
842 4423 916 4490 Pac.
931 4423 990 4489 lib.
1006 4446 1042 4503 a,
1055 4446 1084 4492 c.
1098 4426 1136 4503 6,
1152 4434 1168 4501 ς
1187 4412 1213 4489 r.
