4509 5875
618 677 865 782 aurorem
889 679 953 748 sn
976 677 1141 792 Qnssr.
1163 679 1314 774 marn
1598 700 1636 750 ιι

267 848 458 958 jusserim
492 850 586 934 Seio
612 873 756 937 mutuo
777 855 888 956 dare,
917 858 1000 938 sire
1036 859 1143 938 inter
1173 857 1291 956 duas,
1313 873 1414 968 puta
1438 859 1638 938 siconre-
1712 906 1715 915 ·

267 975 465 1071 nerit,'ut
488 980 702 1086 pecuniam
725 999 847 1088 quam
877 997 925 1058 tu
957 979 1057 1060 nrihi
1081 1006 1131 1060 ex
1158 979 1335 1060 mandati
1358 979 1477 1059 causi
1502 979 1640 1077 debes,

270 1093 413 1174 crediti
441 1099 607 1179 nomine
631 1100 812 1178 retineas.
843 1101 890 1177 ln
918 1102 1087 1207 unaque
1118 1103 1229 1178 enim
1260 1101 1334 1178 hac
1363 1103 1496 1208 specie
1524 1101 1639 1208 fingi-

269 1227 337 1292 tur
361 1217 462 1294 mihi
491 1215 635 1298 tradita
664 1213 835 1328 pecunia
862 1235 903 1298 at
926 1247 950 1298 a
970 1245 1037 1298 me
1062 1217 1113 1298 ad
1135 1233 1177 1298 te
1205 1218 1350 1298 autad
1374 1219 1514 1298 Seiam
1543 1249 1640 1328 pro·

267 1334 380 1415 lecta.
402 1339 661 1452 Quamquam
678 1345 896 1424 Aamcssm
916 1327 1042 1422 stlicti
1058 1339 1161 1448 juris
1178 1340 1419 1420 retinentior
1438 1338 1641 1419 fictionem
1726 1339 1731 1348 ’

266 1458 384 1538 istam
393 1485 478 1540 non
486 1460 867 1554 rideturadmittere
878 1467 921 1544 in
935 1465 1067 1571 specie
1080 1462 1296 1570 posteriori
1307 1459 1514 1557 inlisas
1527 1487 1638 1557 man·

268 1577 353 1658 dati
369 1582 447 1688 (1),
463 1589 660 1662 sententia
671 1604 808 1664 tamen
826 1585 1011 1691 Ulpiani,
1025 1584 1139 1692 quod
1151 1586 1288 1663 inuno
1302 1609 1395 1664 casu
1415 1583 1639 1662 admittitur

267 1699 318 1780 ad
348 1697 518 1782 alterum
548 1705 822 1806 extendentis,
856 1732 905 1785 ex
939 1702 1081 1786 eidem
1109 1704 1293 1784 utilitatis
1318 1702 1492 1811 publicae
1521 1703 1638 1783 causi

268 1823 506 1931 praevaluit(
531 1824 557 1929 ).
995 1855 1002 1871 ·
1077 1863 1081 1874 ·
1366 1823 1378 1843 “

321 2033 448 2111 Porro
473 2059 585 2112 casus
609 2035 655 2114 in
678 2032 828 2146 quibus
848 2033 940 2115 licta
963 2029 1127 2113 traditio
1148 2031 1398 2131 admittitur,
1415 2027 1536 2136 paulo
1556 2026 1637 2108 dis-

268 2150 434 2228 tinctius
463 2156 752 2260 proponimus,
786 2157 882 2270 quia
916 2172 1063 2266 praeter
1092 2180 1206 2234 casus
1230 2155 1275 2230 in
1307 2152 1398 2257 jure
1430 2175 1637 2255 expressos

269 2267 359 2348 ficta
381 2270 543 2350 traditio
573 2272 820 2351 admittenda
837 2299 931 2366 ,non
959 2286 1039 2368 est3
1066 2274 1241 2350 fictionis
1263 2273 1374 2350 enim
1393 2268 1534 2348 eadem
1553 2269 1637 2348 fere
1681 2319 1691 2334 x

269 2407 411 2472 natura
441 2407 525 2490 est,
559 2421 649 2503 quae
685 2394 951 2502 exceptionis,
985 2395 1040 2473 ita
1069 2410 1117 2475 ut
1148 2391 1200 2472 ad
1226 2384 1520 2474 casus'similes
1553 2415 1637 2470 non

270 2512 396 2617 possit
413 2512 584 2594 extendi.

321 2718 475 2828 Ultimo
496 2718 806 2820 reflectendum,
835 2725 941 2802 brevi
965 2750 1092 2802 mann
1114 2721 1262 2801 lactum
1279 2722 1415 2801 vocari
1434 2718 1637 2832 quidquid

268 2837 314 2918 fit
339 2867 417 2949 per
442 2841 703 2931 traditionem
723 2844 876 2942 fictam,
904 2841 1013 2926 unde
1036 2843 1153 2924 idem
1169 2859 1284 2926 sonat
1302 2841 1394 2922 ficta
1410 2840 1576 2922 traditio
1597 2854 1638 2918 et

252 2962 428 3045 ¹traditio
451 2968 557 3047 brari
580 2996 715 3047 manu
734 2966 842 3047 facta.

321 3164 512 3277 Superest
533 3184 579 3246 ut
607 3166 760 3278 aliquid
785 3168 1017 3277 adjiciamus
1041 3165 1092 3249 de
1115 3166 1331 3247 traditione
1360 3168 1404 3245 in
1425 3190 1637 3273 persam

269 3292 479 3388 incertam,
500 3291 566 3371 cui
582 3289 718 3393 locus,
740 3290 906 3401 quando
924 3320 960 3373 r.
975 3318 1010 3398 g.
1027 3290 1193 3371 missilia
1209 3287 1411 3398 jactantur
1431 3290 1475 3369 in
1492 3282 1638 3391 vulgus

269 3438 292 3489 a
314 3411 562 3494 Praetoribus
580 3412 648 3518 (3).
676 3410 756 3491 Sed
777 3416 1017 3494 Heineccius
1044 3431 1086 3498 et
1110 3440 1203 3493 cum
1222 3412 1438 3494 Heineccio
1465 3409 1531 3488 alii
1551 3434 1635 3486 non

269 3532 375 3612 nulli
403 3534 578 3642 speciem
606 3531 834 3615 traditionis
854 3534 923 3615 hic
946 3522 1030 3616 esse
1049 3551 1214 3642 negant,
1242 3550 1283 3613 et
1309 3534 1447 3642 potius
1473 3529 1636 3608 subesse

269 3656 579 3762 occupationem
601 3656 735 3754 aiunt,
755 3655 832 3736 hoc
854 3660 933 3737 nisi
960 3657 1172 3736 ratiocinio
1191 3683 1201 3733 ε
1220 3656 1292 3764 qui
1312 3649 1479 3732 missilia
1496 3646 1635 3753 jactat,

274 3773 319 3855 ea'
346 3802 422 3885 pro
453 3773 656 3856 derelictis
678 3774 818 3878 habet,
840 3806 905 3859 res
924 3806 1001 3889 pro
1023 3776 1224 3858 derelictis
1247 3770 1393 3855 liabitas
1417 3771 1522 3851 liunt
1542 3768 1635 3847 nnl-

242 3904 244 3909 '
274 3896 379 3995 lius,
404 3924 496 4005 quae
529 3892 679 3979 nullius
707 3917 826 4003 sunt,
854 3901 1005 3983 cedunt
1032 3902 1254 4009 occupanti.
1284 3896 1342 4003 (4)
1371 3891 1452 3974 Sed
1481 3889 1632 3969 falsum.
1747 3914 1752 3923 ·

271 4017 375 4097 Nam
391 4028 397 4038 ’
412 4021 483 4127 qui
515 4021 703 4125 pecunias
726 4024 782 4103 ita
814 4026 966 4133 spargit
996 4040 1118 4135 atque
1138 4020 1332 4131 projicit,
1360 4016 1436 4098 etsi
1468 4015 1514 4093 in
1541 4011 1634 4093 nul·
1720 4103 1724 4115 ι

315 4222 365 4313 (ι)
387 4226 503 4290 Corae.
518 4225 556 4305 8,
577 4226 618 4291 ad
634 4229 737 4298 Afric.

319 4328 368 4418 (sl
393 4324 531 4395 Vnrsrns
545 4330 587 4395 sd
601 4332 678 4397 last.
695 4332 752 4401 lib.
768 4360 806 4415 a,
819 4337 867 4404 tit
884 4361 916 4419 a,
929 4348 946 4417 ς
960 4340 1013 4419 dd.
1116 4398 1137 4413 ..

317 4430 367 4519 (3)
389 4436 465 4497 lnst.
479 4432 538 4498 tib.
554 4454 587 4512 a,
602 4434 651 4500 tit.
670 4458 706 4514 r,
721 4448 738 4515 ς
756 4439 809 4517 46.

319 4535 367 4625 (d)
391 4538 591 4605 hiscam
610 4540 743 4608 adluat.
764 4552 779 4619 ς
802 4538 1003 4633 379-384.
1015 4540 1108 4609 ldam
1120 4540 1165 4609 ad
1176 4539 1278 4608 Vina.
1295 4547 1313 4617 ς
1328 4536 1383 4617 46.
1405 4537 1482 4607 Inst.
1497 4536 1530 4603 h.
1542 4551 1566 4601 t.
