4509 5875
602 583 651 657 uo
960 551 1579 660 suisussmsmouuucs.

602 761 748 848 nundi
776 777 998 844 seuvcutur.
1032 765 1116 865 Qui
1138 761 1299 842 librum
1329 761 1481 856 luerit·
1501 777 1572 841 aut
1599 761 1969 865 commaculaverit,

603 886 689 994 ejus
706 885 907 965 sumtibus
928 882 1039 996 aliud
1060 883 1292 992 exemplum
1309 910 1386 992 pro
1405 882 1655 965 Bibliothcoi
1672 899 1733 964 ost
1751 885 1970 968 mudum

601 1024 645 1088 ot
663 1007 804 1088 eidem
824 1010 980 1088 ratione
1002 1005 1359 1115 compingendam.

1180 1187 1230 1282 ‚c
1256 1181 1364 1261 xlv.

652 1355 709 1434 Ut
735 1353 817 1432 haeo
851 1357 988 1436 omnia
1016 1358 1093 1436 ritc
1120 1319 1881 1454 observeotur,custodi1³ibliotheooe
1909 1330 1982 1438 est*

601 1474 862 1582 vigilandum.
897 1478 1056 1581 Quodsi
1094 1478 1214 1558 illius
1240 1478 1360 1587 culpi
1391 1477 1548 1587 aliquid
1585 1478 1813 1586 neglectum
1850 1480 1974 1561 fuerit

602 1611 672 1678 aut
699 1599 915 1704 violatum,
943 1601 1030 1710 ipse
1058 1617 1232 1684 tenetur.
1838 1659 1844 1670 ·

1220 1776 1361 1880 cxv.
1533 1808 1535 1811 -

652 1950 717 2032 Ad
748 1893 992 2056 legendumi
1023 1947 1074 2030 ud
1099 1949 1365 2056 asportandos
1388 1949 1516 2030 libros
1540 1912 1584 2048 ct
1612 1948 1844 2032 reddendos
1875 1977 1975 2060 quo-
2017 2017 2022 2026 .

600 2073 699 2153 tidie
727 2070 976 2154 Bibliotheca
1002 2088 1062 2149 est
1087 2089 1225 2179 aperta
1252 2088 1438 2180 tempore
1466 2072 1641 2152 hiberno
1671 2072 1724 2152 ab
1747 2071 1849 2156 hort
1874 2073 1894 2151 Ι
1919 2071 1974 2152 cd
2226 1982 2234 2485 1

599 2197 743 2276 horam
779 2197 863 2297 IV,
903 2211 1086 2300 tempore
1126 2195 1264 2272 aestivo
1313 2191 1365 2273 ub
1406 2195 1506 2274 horti
1548 2196 1587 2274 Π
1626 2195 1678 2275 ad
1706 2195 1851 2276 horam
1888 2193 1971 2292 v1;

599 2317 746 2400 diebus
773 2316 882 2398 festis
910 2331 950 2396 et
978 2315 1169 2393 Mercurii
1199 2315 1385 2422 exceptis.

867 2556 875 2572 .
1204 2486 1355 2587 §XVL

653 2662 779 2764 Quod
804 2661 855 2742 dc
878 2662 993 2743 libris
1014 2661 1270 2762 dictumest,
1292 2658 1404 2741 idem
1429 2659 1480 2742 dc
1502 2658 1841 2768 Ephomctidibuo
1859 2663 1970 2743 Lite·

600 2785 716 2862 ran'is
735 2783 859 2887 valet,
881 2785 915 2864 si
941 2811 1016 2892 per
1040 2801 1122 2864 tres
1142 2809 1300 2864 menses
1321 2786 1366 2862 iu
1383 2785 1524 2864 Museo
1551 2784 1793 2866 Academico
1819 2784 1972 2867 suerint

601 2921 801 3033 depositae.
1516 2986 1519 2991 .

1200 3032 1226 3129 §
1254 3029 1379 3108 XVII.

653 3202 720 3279 Eae
749 3218 905 3306 autem,
934 3219 981 3281 ut
1013 3202 1160 3307 singuli
1186 3202 1363 3284 fasciculi
1386 3172 1648 3306 cdvonerint,
1678 3203 1822 3286 ordine
1852 3202 1971 3283 chro-
2110 3261 2116 3267 -

600 3320 792 3429 nologico
817 3326 893 3407 rite
924 3340 965 3405 et
995 3322 1182 3407 adcurate
1211 3328 1255 3405 in
1281 3321 1460 3405 Iudicem
1491 3352 1515 3403 a
1542 3324 1722 3407 Custode
1742 3342 1838 3409 sunt
1865 3325 1972 3405 refe·

600 3442 744 3526 reudae.
1108 3460 1114 3470 '
