4509 5875
610 667 652 738 μ
1004 643 1384 718 ciromsoomn
1409 645 1579 716 msam

600 836 713 927 runt,
745 821 817 903 sed
847 849 973 932 quem
1002 851 1079 904 nos
1109 827 1152 904 in
1182 825 1279 934 ipsis
1309 824 1440 906 tradit.
1463 821 1729 925 Laurisham.‚
1757 822 1801 902 in
1827 821 1974 933 quibus
2004 903 2006 908 ,

603 947 796 1048 occurrit,
823 943 875 1026 ad
899 947 1053 1028 Mosam
1074 951 1256 1056 positum
1280 949 1355 1056 (1),
1381 951 1471 1029 vico
1501 945 1688 1026 Hoesden
1716 943 1973 1026 vindicamus.

650 1160 885 1240 Marmor
912 1159 980 1265 (H.
1007 1157 1334 1272 Meerfelthoven.
1353 1158 1661 1260 Mereshoven),
1679 1157 1784 1238 villo
1805 1159 1854 1236 in·
1859 1184 1976 1264 pago

598 1279 870 1358 Debsondoro
905 1278 1054 1386 legitur
1084 1280 1129 1357 in
1156 1277 1261 1358 laud.
1294 1277 1425 1357 tradit.
1445 1278 1624 1358 Laurish.
1657 1283 1735 1385 (2),
1753 1307 1845 1390 quae
1869 1280 1979 1358 inter
2049 1359 2052 1365 ,

597 1398 818 1481 Bladellam
850 1419 891 1480 et
925 1402 1135 1502 messam,
1162 1400 1213 1479 ad
1247 1399 1533 1499 Duthmoiam‚
1568 1403 1614 1478 in
1646 1401 1771 1481 latere
1812 1401 1976 1501 sinistro

597 1520 708 1628 jacet.
735 1523 916 1602 Mallum
941 1521 1001 1598 ibi
1032 1520 1244 1628 publicum
1270 1519 1517 1599 celebratum
1546 1519 1667 1600 fuisse
1697 1548 1748 1601 ex
1780 1525 1867 1630 ipso
1902 1549 1977 1602 vo·

602 1642 750 1724 cabulo
780 1639 1011 1722 credideris.
1728 1631 1731 1638 ’

651 1843 921 1948 Nemeam,
947 1842 1179 1924 Norderwm
1207 1843 1261 1952 (h.
1288 1843 1575 1950 Noordwieh)‚
1593 1843 1646 1927 ad
1665 1844 1828 1953 majoris
1849 1845 1979 1949 Nithae

601 1964 791 2047 dextrum
806 1994 880 2048 seu
896 1966 1059 2048 boreale
1080 1968 1202 2072 latus,
1219 1985 1267 2048 ut
1283 1966 1372 2078 ipso
1390 1969 1556 2049 nomine
1577 1967 1785 2050 docemur.
1810 1970 1859 2049 In
1880 1967 1976 2078 dipl.
2078 1975 2083 1986 '

600 2091 764 2170 Ottonis
791 2119 825 2171 a.
857 2089 954 2200 974,
982 2119 1068 2205 quo
1095 2093 1205 2174 varia
1235 2091 1345 2174 bona
1373 2092 1428 2173 St
1457 2093 1629 2173 Bavonis
1656 2091 1831 2172 eoelesiae
1860 2092 1998 2204 restis

601 2228 791 2318 tuantur,
811 2213 959 2321 iegitur
989 2216 1048 2325 (3)
1068 2245 1078 2296 2
1097 2249 1118 2294 α
1137 2215 1190 2295 In
1214 2243 1325 2326 pago
1349 2213 1594 2296 Tessandrioe
1621 2213 1897 2294 Nordenvit.»
1926 2276 1929 2284 .

655 2405 898 2512 Ocnmstm,
925 2409 1132 2502 Ekinselo,
1153 2411 1282 2515 fiscus
1308 2412 1453 2518 regius,
1495 2409 1539 2486 in
1567 2408 1650 2486 vita
1686 2395 1742 2486 St.
1774 2403 1981 2486 Trudonis

601 2524 747 2605 allatus
769 2527 849 2630 (4),
878 2529 993 2644 eujus
1018 2558 1142 2612 nemo
1166 2530 1279 2611 facile
1305 2531 1429 2612 hodie
1459 2531 1664 2607 invenerit
1693 2529 1827 2608 situm.

650 2723 821 2829 Oarrm,
842 2724 1014 2804 Ortinon
1034 2727 1091 2831 (h.
1120 2727 1291 2830 Omen),
1304 2751 1400 2805 cum
1417 2725 1586 2833 Empele
1603 2727 1648 2804 in
1665 2724 1765 2804 trad.
1788 2725 1976 2806 Laurish'.

602 2846 652 2931 ad
682 2851 839 2930 Mosam
866 2862 1097 2926 reoensetur
1121 2846 1188 2953 (5).
1234 2873 1237 2880 ¹

653 3046 793 3125 Psttrr
815 3044 867 3151 (h.
889 3042 1169 3150 Neer-Peelt)‚
1196 3070 1289 3124 cum
1309 3042 1521 3127 Martfeide
1546 3046 1590 3125 in
1612 3045 1714 3127 trad.
1734 3049 1979 3131 Laurisham.

599 3165 758 3273 legitur.
788 3168 920 3248 Fuere
949 3182 1084 3248 autem
1114 3166 1198 3247 duo
1237 3166 1356 3271 hujus
1386 3168 1562 3249 nominis
1593 3168 1699 3274 loca,
1725 3172 1843 3253 Peelt
1866 3202 1982 3283 supe·

600 3290 751 3490 ἰῗενῶῗῑ
787 3290 983 3435 afferrem
1020 3288 1218 3371 Besselius
1249 3316 1286 3373 v.
1317 3316 1349 3371 c.
1380 3290 1458 3394 (6)
1492 3290 1601 3373 huno
1637 3296 1866 3398 assertorem
1894 3324 1980 3377 esse

654 3604 798 3684 Prsrao
834 3603 894 3711 (h.
934 3604 1109 3714 Poppel)
1145 3604 1259 3689 loeus
1284 3607 1391 3687 inter
1426 3620 1564 3687 caetera
1594 3604 1829 3692 Toxandriae
1863 3636 1887 3688 a
1916 3608 1971 3689 St.

647 3804 697 3889 (ι)
722 3804 835 3869 Clima.
858 3805 974 3875 Gotew.
995 3808 1018 3872 l.
1032 3808 1054 3871 1.

648 3938 698 4029 (a)
720 3939 805 4004 ibid.
821 3942 843 4006 Ι.
859 3943 882 4006 l.

648 4080 697 4172 (3)
720 4082 833 4148 Mun
845 4104 897 4169 op.
910 4080 992 4170 apt
1008 4083 1033 4148 Ι.
1045 4087 1097 4172 49.

649 4224 699 4311 (t)
720 4225 792 4289 Aa.
806 4222 860 4290 ss.
883 4223 970 4313 serg.
986 4223 1025 4289 v.
1039 4223 1094 4303 ra.

649 4359 698 4450 (5)
722 4360 838 4429 claron.
860 4364 974 4435 Θυίαν.
990 4386 1014 4437 s.
1028 4388 1057 4432 v.
1073 4365 1267 4434 Toxandria.

583 4582 587 4589 ,
653 4498 701 4588 (6)
722 4497 864 4569 Hadid.
