4509 5875
666 675 713 762 54
906 671 1147 743 GUlLlELllll
1170 668 1268 738 CAR.
1293 666 1412 736 VICT.
1436 666 1532 738 VAN
1557 665 1649 735 DEN
1674 662 1792 734 DALE

667 870 775 936 ostea
798 852 908 930 Titio
929 875 1050 931 suum
1076 875 1162 930 esse
1189 847 1391 956 ignoranti
1422 843 1717 946 mandaverim,
1738 858 1787 922 ut
1815 841 2023 943 venderet,

666 977 879 1084 Titiusque
888 999 1050 1054 servum
1067 969 1295 1052 vendiderit
1306 967 1580 1065 ettradiderit,
1594 966 1911 1048 vindicationem
1919 968 2026 1046 Titio
2054 1051 2059 1061 ,

664 1095 963 1178 concedendam
981 1121 1064 1176 non
1085 1120 1181 1172 esse.
1192 1095 1297 1173 Nam
1311 1092 1376 1170 lex
1395 1090 1464 1169 illa
1487 1091 1598 1170 Titio
1616 1089 1930 1170 vindicationem
1946 1113 2031 1166 nou

664 1217 757 1298 ideo
780 1234 920 1320 negat,
943 1213 1056 1324 quod
1083 1214 1188 1292 servi
1203 1212 1430 1292 dominium
1448 1211 1500 1290 ab
1518 1239 1568 1292 eo
1586 1214 1814 1310 recesserit,
1828 1211 1901 1292 sed
1918 1208 2029 1304 ideo,

560 1403 570 1420 ,
662 1335 773 1444 quod
799 1337 929 1419 Titius
947 1330 1135 1414 venditor
1154 1331 1204 1411 ad
1225 1331 1468 1413 tradendum
1488 1360 1649 1413 servum
1669 1360 1754 1412 sese
1774 1329 2029 1436 obligaverit,

660 1471 763 1534 etex
776 1455 1019 1561 obligatione
1037 1455 1346 1555 contractalcogi
1364 1454 1536 1556 proinde
1543 1457 1687 1561 possit,
1702 1457 1736 1533 si
1755 1449 1939 1530 nondum
1952 1467 2031 1530 tra·

661 1575 830 1674 diderit,
855 1577 1037 1681 adeoque
1062 1571 1192 1650 multo
1213 1571 1339 1675 magis
1358 1571 1560 1675 obligatus
1577 1577 1630 1649 sit
1651 1570 1704 1649 ad
1726 1592 1887 1649 servum
1904 1571 2030 1649 tradi·

660 1711 751 1773 tum
767 1692 1131 1789 nonavocandum3
1144 1717 1237 1772 cum
1254 1707 1343 1772 toto
1357 1693 1448 1800 jure
1467 1691 1619 1772 facilius
1640 1693 1813 1771 retentio
1834 1691 2030 1771 conceda·

660 1833 728 1894 tur
746 1841 868 1926 quarn
892 1817 1087 1924 repetitio.
1113 1815 1291 1896 Ulterius
1309 1817 1440 1895 Titius
1460 1815 1512 1895 de
1529 1817 1727 1896 evictione
1748 1832 1910 1895 tenetur
1926 1814 2028 1920 (uisi

663 1937 783 2017 fidem
809 1936 1035 2017 mandantis
1054 1938 1157 2017 forte
1175 1956 1336 2021 secutus
1353 1938 1440 2041 sit),
1452 1937 1635 2048 adeoque
1647 1942 1831 2020 evincere
1844 1941 1930 2047 ipse
1943 1964 2027 2017 ser·

658 2083 755 2138 vum
773 2087 856 2138 non
877 2075 1011 2161 potest
1031 2063 1046 2167 (
1071 2060 1097 2163 ).

711 2249 855 2356 Neque
877 2245 1008 2326 obstat
1022 2243 1136 2352 quod
1146 2243 1234 2350 lege
1246 2245 1294 2343 dr
1308 2243 1347 2324 ib
1367 2243 1418 2326 de
1431 2245 1515 2325 reb.
1534 2246 1641 2325 cred.
1654 2249 1915 2356 proponitur,
1932 2277 2030 2330 nam

660 2367 774 2480 quod
809 2367 868 2448 ibi
900 2366 1092 2472 habetur,
1118 2395 1308 2449 nummos
1338 2397 1362 2449 a
1398 2395 1516 2450 servo
1549 2367 1783 2450 kalendario
1818 2374 2027 2479 proposito

658 2489 848 2588 creditos,
862 2492 1145 2599 postignotum
1163 2493 1241 2600 ipsi
1261 2509 1434 2572 mortem
1451 2490 1608 2573 domini
1627 2494 1699 2602 qui
1714 2520 1809 2572 eum
1823 2521 1899 2601 pro
1913 2511 2028 2600 parte

656 2609 859 2694 haeredem
872 2613 1116 2714 instituerat,
1126 2612 1320 2694 alienatos
1330 2641 1415 2694 esse
1426 2640 1502 2721 pro
1511 2616 1559 2694 eb
1566 2630 1694 2721 parte,
1709 2641 1783 2720 pro
1794 2615 1875 2722 qud
1884 2637 2027 2697 servus

657 2733 783 2816 haeres
801 2736 972 2842 scriptus
991 2735 1062 2838 sit,
1077 2733 1128 2814 de
1144 2736 1239 2815 verb
1260 2735 1500 2816 alienatione
1519 2751 1560 2814 et
1574 2733 1830 2816 translatione
1850 2733 2025 2814 dominii

653 2855 961 2961 intelligendum
979 2883 1066 2939 non
1088 2873 1163 2955 est,
1189 2882 1282 2939 cum
1305 2883 1444 2946 servus
1461 2858 1684 2963 ignoraret,
1707 2885 1896 2939 nummos
1917 2883 2026 2966 quos

651 2974 840 3069 credidit,
852 2996 947 3051 suos
964 2996 1066 3067 esse,
1084 2978 1268 3078 adeoque
1285 2996 1429 3050 nonen
1447 2982 1585 3057 animo
1596 2998 1774 3079 esset,ut
1792 2981 2025 3063 dominium

653 3114 795 3173 eorum
821 3089 1018 3198 perderet
1043 3090 1124 3171 Sed
1145 3089 1226 3168 hoc
1247 3090 1327 3168 sibi
1344 3091 1432 3169 vult
1453 3092 1946 3187 illalex‚un1nmoscnm
1965 3100 2026 3173 el-

652 3212 760 3293 lectu
785 3211 989 3292 vindicare
1021 3238 1097 3320 pro
1126 3228 1241 3320 parte
1260 3212 1334 3291 sul
1362 3238 1525 3295 servum
1551 3240 1637 3291 non
1663 3238 1801 3321 posse,
1822 3232 2025 3325 quatenua

653 3362 727 3416 suo
757 3337 925 3443 proprio
955 3334 1060 3414 facto
1095 3336 1414 3436 contraveniret,
1453 3332 1631 3446 ideoque
1669 3339 1906 3445 exceptione
1935 3339 2019 3419 doli

598 3500 602 3511 ·
653 3456 748 3537 mali
772 3456 912 3565 repelli
939 3482 1055 3564 posse
1080 3459 1095 3563 (
1121 3456 1148 3559 ).

707 3658 811 3739 Satis
829 3685 926 3765 ergo
948 3684 1031 3737 esse
1053 3657 1231 3756 videtur,
1253 3655 1465 3738 dominum
1490 3658 1597 3768 justo
1621 3658 1868 3769 praecedente
1894 3629 2027 3744 titulo

653 3778 878 3861 tradentem
906 3810 993 3861 rem
1017 3780 1207 3863 traditam
1237 3781 1338 3861 scire
1371 3810 1484 3863 suam
1511 3810 1614 3882 esse,
1634 3801 1681 3864 ut
1710 3782 1845 3865 adesse
1867 3780 2013 3863 volun-

651 3920 711 3983 tas
734 3903 819 4012 ejus
839 3904 1102 3985 transferendi
1118 3902 1289 3985 dominii
1309 3904 1577 4013 intelligatur,
1594 3902 1707 4015 quod
1718 3896 1884 4016 quidem
1897 3899 2016 3987 inter·

652 4041 784 4125 pretes
808 4052 967 4123 omnes,
984 4026 1104 4105 nobis
1123 4044 1193 4105 aut
1212 4028 1348 4107 animo
1369 4045 1439 4109 aut
1459 4026 1586 4107 oculis
1604 4043 1819 4134 praesentes
1841 4056 1925 4109 non
1944 4056 2015 4107 ne·

652 4160 765 4244 gant,
784 4175 860 4227 nos
881 4145 1109 4257 negandum
1126 4147 1378 4257 aliquatenus
1395 4148 1639 4231 arbitramur
1662 4150 1768 4233 salva
1781 4129 2013 4263 quamipsis

665 4454 672 4471 ι
698 4347 747 4439 (r)
770 4350 958 4519 Maurarum
976 4359 1018 4425 ad
1035 4330 1092 4427 tit.
1107 4357 1143 4423 tt.
1162 4357 1203 4426 de
1216 4381 1286 4449 acq.
1308 4381 1370 4427 rer.
1389 4358 1519 4439 dorus.
1537 4382 1569 4449 9.
1584 4364 1685 4432 Voar.
1699 4362 1741 4429 ad
1755 4362 1857 4430 Paud.
1871 4363 1926 4429 lib.
1944 4366 2007 4442 dr,

651 4470 698 4521 ut.
717 4476 790 4519 nn.
823 4476 852 4541 7.

694 4558 743 4648 (a)
764 4560 953 4627 Mtuaasscr
969 4566 1040 4627 eod.
