4509 5875
852 658 1124 743 usosusro.
1208 695 1211 702 ·
1376 749 1381 758 ,
1613 679 1660 771 so

230 868 235 879 ·
290 820 535 916 nerissscms
554 827 774 937 daeiplmae
802 859 811 909 ι
838 830 1028 914 nondum
1041 831 1097 911 ·in
1114 846 1179 911 tot
1203 856 1249 915 ro
1268 829 1541 915 celeberrimis
1562 833 1663 919 locis

289 955 517 1037 sumtuum
554 948 712 1057 egregio
741 952 925 1033 institute
953 980 1039 1036 esse
1067 953 1286 1051 desierant3
1311 955 1506 1035 continuo
1532 954 1665 1040 adbuc

294 1077 394 1158 flore
423 1076 504 1155 baec
529 1074 632 1153 alma
663 1088 816 1175 muter,
839 1075 988 1153 -nutrix
1004 1098 1261 1153 summorum
1288 1075 1449 1181 vigebat
1480 1078 1665 1185 ingenio-

290 1226 383 1281 rum
401 1227 409 1275 :
429 1196 558 1277 stabat
586 1197 847 1299 inconcussa,
865 1180 1033 1305 sospes}
1050 1195 1216 1305 antiqua
1241 1223 1337 1277 cum
1352 1226 1544 1283 sororum
1562 1205 1663 1285 Uni-

292 1318 487 1435 versitatis
507 1318 774 1401 Luraniensis
801 1318 914 1398 luuro
935 1333 1125 1398 coronata
1155 1314 1281 1397 sedes.

341 1538 452 1643 Sed,
480 1536 608 1642 eheu!
630 1538 791 1647 proruit
812 1535 894 1628 baec
923 1536 1085 1647 unique
1110 1538 1202 1619 vltae
1220 1534 1435 1645 splendor,
1457 1536 1667 1645 religionis

290 1658 457 1763 fautrix,
483 1660 678 1745 libertatis
716 1655 888 1763 vindex,
917 1658 1176 1741 humanitatis
1207 1654 1342 1750 decus.
1381 1658 1476 1739 Nox
1513 1678 1597 1739 crat
1627 1679 1668 1743 et

290 1782 434 1867 misera
461 1783 711 1865 taciturnitas
735 1782 802 1889 (1).
826 1784 995 1866 Matrem
1023 1808 1119 1864 mox
1147 1796 1292 1860 secutae
1315 1776 1405 1858 filiae
1433 1808 1442 1856 :
1472 1779 1669 1889 Collegin,

290 1901 434 1983 scholas
460 1905 661 2005 minores,
692 1904 910 2011 Gymnusia
939 1918 1150 2013 ceteraque
1177 1898 1384 1990 literarum
1415 1900 1597 1983 instituta
1616 1951 1668 1977 -.

282 2024 442 2131 ‘quibus
468 2024 617 2105 divitius
640 2040 702 2105 tot
732 2022 845 2105 luere
876 2027 1027 2107 censita
1047 2026 1227 2106 crimina.

323 2256 437 2339 ‘Hoec
468 2258 579 2353 enim
609 2283 724 2337 causa
757 2273 872 2339 erant
898 2285 979 2338 uns
1009 2258 1136 2342 ruinae
1163 2286 1173 2336 ε
1200 2255 1313 2336 firere
1346 2254 1419 2335 rel
1446 2251 1556 2360 alise,
1583 2258 1666 2365 jam

290 2405 413 2488 supra
435 2380 598 2459 monitos
618 2396 730 2460 -et
751 2378 947 2462 cadebant
974 2378 1041 2458 illa
1062 2377 1183 2457 simul
1197 2405 1293 2457 cum
1314 2379 1474 2457 civitate
1492 2424 1547 2439 -
1559 2406 1663 2491 quo·

290 2502 399 2580 nium
425 2529 511 2580 non
548 2516 689 2579 mutua
718 2500 829 2578 fuere
861 2500 912 2578 ab
944 2525 1026 2576 una
1058 2498 1193 2577 alteris
1232 2496 1390 2578 auxilia.

345 2712 556 2797 Premebat
581 2711 646 2793 vel
668 2712 819 2816 vicinas
851 2708 991 2791 endem
1021 2711 1183 2788 miseria
1213 2712 1428 2793 civitates:
1457 2742 1541 2798 uon
1569 2745 1667 2801 vero

296 2834 505 2944 premebat
541 2832 680 2909 eadem
721 2831 1010 2905 humaniorum
1052 2828 1282 2905 studiorum
1321 2834 1530 2919 calamitas.
1570 2840 1668 2935 Sic,

291 2953 404 3062 quod
431 2979 517 3030 non
546 2951 656 3030 intus
681 2963 765 3027 erut
794 2946 1022 3048 auxilium,
1057 2943 1109 3024 ab
1132 2948 1278 3027 exteris
1306 2951 1437 3054 venit,
1475 2941 1516 3034 et
1552 2962 1667 3068 quod

292 3073 336 3156 in
358 3061 497 3155 alieno
524 3065 628 3152 coelo
659 3087 812 3150 nstrum
843 3067 949 3172 luit,
984 3065 1087 3148 iltu‘d
1116 3071 1160 3148 in
1183 3069 1366 3150 bostrum
1388 3071 1592 3181 fulgebat,
1622 3084 1665 3161 in

291 3187 376 3278 dies
412 3189 598 3305 propius,
624 3195 835 3276 civitatem.
863 3191 968 3270 Hinc
995 3208 1150 3272 mutata
1176 3209 1359 3303 tempora
1385 3224 1396 3274 :
1423 3197 1519 3278 binc
1535 3202 1672 3284 rednx'

292 3317 488 3396 libertatis
505 3315 649 3420 ⁴'genius
662 3315 744 3400 :vis
762 3311 982 3394 indeunlts
1001 3310 1409 3424 fortioro-recuperntu
1422 3319 1540 3401 sulus.
1552 3325 1667 3406 Nous

292 3437 423 3518 sidet-s
458 3439 664 3544 Musaeque
703 3459 846 3512 suaves
884 3430 1094 3514 redierunt
1134 3438 1178 3515 in
1214 3437 1284 3517 bns
1314 3467 1481 3548 quoqne
1507 3460 1666 3542 mmo,

294 3563 522 3640 Gurusnuo
549 3581 671 3655 nucu,
698 3555 809 3632 uror
836 3579 1029 3656 incusso,
1046 3581 1129 3654 rto,
1142 3584 1295 3659 mmor,
1321 3587 1465 3643 inmun
1483 3589 1667 3645 sosruuu

293 3681 566 3780 llsnmrrons,
603 3701 904 3772 trussornuous
942 3703 1081 3760 crusis
1114 3681 1401 3760 Bsunrrororn.
1431 3681 1667 3772 Gondemus

297 3827 406 3880 nnnc
436 3789 582 3880 bilsres
599 3801 748 3879 iterum
769 3813 948 3906 reparata
976 3798 1115 3906 etjam
1133 3799 1255 3904 novo,
1269 3801 1549 3910 jamcongrun
1570 3834 1666 3890 cum

293 3920 416 4002 astutis
442 3924 583 4029 genio,
605 3921 812 4002 literarum
832 3921 957 4002 salute
986 3948 995 3998 ε
1023 3937 1145 4032 atque
1171 3924 1215 4000 in
1242 3949 1292 4002 eo
1318 3949 1479 4028 sumus,
1503 3945 1550 4007 nt
1570 3957 1663 4038 quse

294 4044 481 4126 secundis
499 4042 639 4126 avibus
657 4041 932 4146 obtinuimus,
952 4043 1060 4124 baud
1077 4047 1242 4154 pingui,
1260 4063 1309 4148 ut
1323 4045 1450 4155 ajunt,
1466 4049 1662 4151 Minerva,
1692 4040 1696 4046 ⁴

341 4277 389 4373 (r)
412 4245 619 4372 Qtrsmquum
641 4281 828 4374 nonuplsns
848 4281 984 4378 defuero
1007 4281 1178 4349 fortissimi
1204 4251 1316 4350 rerum
1336 4287 1498 4354 custodes.
1521 4287 1585 4355 Sed
1602 4311 1659 4356 vo·

297 4389 373 4455 ritus
386 4389 536 4477 pluribus
557 4386 666 4454 modis
688 4388 846 4470 infructu
860 4423 904 4442 -·
920 4405 953 4456 st
974 4408 1044 4456 rum
1066 4405 1255 4479 temporum
1276 4391 1434 4472 solicitos,
1455 4392 1660 4470 ubi-sentiro,

298 4515 370 4584 qno
392 4495 471 4562 velis
489 4510 539 4578 et,
561 4513 632 4584 quc
650 4495 788 4573 senuas,
814 4494 927 4562 dicere
952 4494 1038 4564 licet.
1060 4495 1176 4566 Trou.
1198 4496 1280 4564 Iliso
1299 4497 1324 4566 l.
1343 4520 1369 4562 r.
