4509 5875
621 667 866 738 nraronsto
889 663 953 736 ln
975 667 1141 756 Qunsr.
1165 668 1312 740 ruam
1610 667 1656 740 ει

283 840 484 948 incensis
512 843 757 928 tranferendi
785 875 870 929 non
892 845 1050 928 obstare
1075 849 1349 955 translationi,
1370 875 1463 931 cum
1493 852 1537 930 in
1565 875 1656 934 cor·

283 993 362 1074 pus
391 965 505 1075 quod
527 968 713 1066 traditur,
741 997 980 1061 consensum
1007 973 1068 1052 sit.

337 1177 390 1253 Et
415 1175 549 1254 verius
562 1191 641 1276 est,
658 1175 737 1254 hoc
755 1176 966 1258 dissidium
987 1181 1177 1285 componi
1199 1206 1283 1259 non
1295 1206 1413 1287 posse
1425 1183 1502 1286 (ι),
1520 1208 1657 1290 qnam·

283 1297 343 1376 vis
372 1295 508 1402 plures
534 1291 807 1406 componendi
834 1301 1031 1378 rationem
1059 1298 1229 1382 afferant
1252 1303 1330 1408 (2);
1360 1329 1477 1409 posse
1504 1305 1654 1382 scilicet

284 1415 366 1494 haec
386 1415 549 1524 Ulpiani
570 1420 694 1500 rerba
712 1419 917 1528 duplicem
943 1423 1318 1532 interpretationem
1337 1424 1438 1532 pati,
1463 1425 1656 1532 possesio

285 1538 433 1646 accipi,
452 1555 500 1619 ut
518 1544 676 1619 nummi
704 1543 872 1623 omnino
898 1571 982 1624 nou
1006 1542 1103 1623 liant
1124 1548 1376 1654 accipientis,
1393 1554 1511 1653 posse
1535 1548 1656 1626 etiam

286 1661 362 1761 sic,
388 1676 541 1741 utnon
570 1660 667 1741 liant
685 1665 880 1770 perfecte,
908 1666 1249 1770 irrevocabiliter,
1281 1695 1331 1747 ex
1357 1671 1657 1774 comparatione

286 1779 436 1862 scilicet
464 1785 743 1893 acquisitionis
767 1789 836 1878 rei¹
854 1788 1035 1893 donatae,
1054 1789 1151 1870 liant
1175 1807 1312 1870 tamen
1338 1817 1388 1870 eo
1419 1788 1586 1889 ell'ectu,
1606 1805 1655 1866 ut

288 1907 440 1984 etiamsi
473 1905 604 1986 adhuc
641 1926 816 2011 exstent,
844 1911 1043 1992 uindicari
1062 1929 1288 2023 nequeant,
1313 1913 1557 2017 comsumpti
1581 1937 1658 1989 nec

287 2025 496 2108 efficaciter
521 2028 692 2111 condici.
716 2033 893 2138 Etenim,
917 2045 1185 2148 praeterquam
1203 2037 1286 2116 vim
1305 2034 1440 2113 verbis
1456 2032 1656 2134 inferunt,

285 2149 358 2256 qui
387 2146 497 2227 hunc
521 2145 767 2258 'extorquere
796 2183 958 2238 sensum
989 2183 1038 2238 ex
1062 2157 1225 2259 Ulpiani
1254 2156 1405 2260 scripto
1437 2169 1656 2253 conantur,

285 2295 371 2382 non
391 2265 554 2350 videtur
576 2297 719 2351 eorum
740 2273 1112 2382 interpretationem
1131 2275 1300 2354 suadere
1318 2273 1497 2381 subjecta
1514 2273 1566 2351 ab
1585 2272 1657 2353 Ul·

286 2394 408 2507 piano
434 2397 535 2474 ratio
556 2425 565 2475 ι
586 2427 606 2470 u
627 2424 720 2474 cum
745 2397 833 2475 alrir
855 2401 1040 2505 opinione
1058 2401 1310 2506 acceperit.»
1337 2398 1399 2476 Ne
1426 2397 1537 2475 enim
1565 2395 1657 2504 quis
1689 2436 1691 2441 ·

289 2513 418 2617 dicat,
439 2515 521 2596 haec
538 2517 662 2596 verba
680 2521 736 2597 sic
754 2517 985 2627 accipienda
1004 2547 1105 2623 esse,
1127 2521 1242 2630 quasi
1260 2519 1422 2607 nummi,
1440 2515 1534 2596 ideo
1555 2518 1657 2595 acci·

285 2637 433 2748 pientia
451 2665 535 2717 non
550 2635 692 2719 fierent
710 2643 1031 2750 irrevocabiliter,
1042 2645 1217 2751 pep‘ecte
1225 2702 1238 2738 ,
1252 2643 1352 2752 quia
1368 2637 1457 2720 alid
1477 2639 1659 2746 opimone

285 2764 498 2870 acceperit,
522 2763 606 2842 sive
625 2765 719 2873 quia
730 2765 774 2844 in
788 2767 981 2873 opinione
1000 2767 1230 2874 accipientis
1249 2793 1333 2844 non
1351 2762 1495 2865 fuerit,
1516 2787 1661 2842 eorum

288 2881 516 2966 dominium
536 2887 799 2969 irrevocabile
818 2887 1043 2999 perfectum
1061 2890 1292 2993 requirerer
1313 2914 1406 2967 nam
1424 2885 1504 2966 hoc
1518 2883 1661 2964 falsum

286 3024 364 3109 est,
389 3007 591 3119 siquidem
624 3012 855 3118 accipientis
890 3032 1080 3085 nummos
1107 3022 1271 3084 mutuos
1297 3005 1364 3083 hic
1392 3006 1552 3083 animus
1582 3022 1658 3107 est,

287 3144 335 3205 ut
346 3152 650 3234 nummosquos
661 3130 805 3234 accipit
816 3138 910 3206 suos
925 3126 1041 3205 faciat
1055 3129 1125 3230 ita,
1139 3144 1186 3206 ut
1203 3143 1422 3206 avocentur
1431 3152 1661 3236 nunquam,
1710 3154 1712 3158 ¹

289 3247 359 3343 sed
391 3246 592 3355 obligetur
613 3246 664 3327 ad
693 3245 947 3328 tantumdem
974 3248 1284 3364 restituendum.

338 3478 484 3587 Neque
500 3492 634 3584 putet,
653 3502 729 3557 nos
748 3474 899 3555 idcirco
913 3478 1129 3575 sustinere,
1149 3475 1307 3558 avocari
1327 3500 1519 3556 nummos
1536 3472 1659 3553 tradi-

287 3614 350 3679 tos
375 3599 426 3677 ab
454 3601 671 3708 accipiente
697 3627 770 3707 per
800 3596 1026 3681 tradentem
1049 3628 1260 3712 nunqnam
1279 3624 1419 3708 posse,
1444 3595 1558 3705 quasi
1582 3591 1657 3671 do·

285 3723 395 3803 natio
416 3720 515 3801 facta
535 3730 638 3803 esset
650 3732 725 3804 ‘aut
743 3741 932 3805 mutuum
954 3724 1388 3822 contractum3‘scimus
1408 3720 1519 3799 enim
1534 3742 1656 3795 num·

286 3871 374 3924 mos
387 3872 492 3954 quos
507 3862 675 3945 mutuos
693 3848 786 3956 quis
800 3849 961 3957 accipit,
978 3846 1030 3929 ab
1048 3875 1098 3928 eo
1110 3849 1182 3959 qui
1197 3844 1378 3927 donandi
1397 3840 1532 3922 animo
1547 3840 1656 3946 ipsos

289 3965 474 4071 tradidit,
496 3995 613 4075 posse
645 3972 822 4076 avocari,
841 3972 1036 4082 quamdiu
1061 3988 1217 4053 exstant
1244 3967 1352 4078 apud
1377 3966 1654 4073 accipientem,

332 4194 381 4285 (ι)
403 4194 461 4265 Uti
475 4196 597 4263 docent
613 4196 804 4267 Mauricum
809 4248 819 4283 ,
838 4203 971 4283 Rocrn,
989 4202 1164 4291 ceterique
1177 4202 1373 4287 interpretes
1390 4192 1601 4261 recentiores.

331 4336 527 4427 (2)=Nempe
547 4338 724 4403 Cornutus
742 4338 770 4402 ³.
788 4362 907 4406 comm.
928 4365 959 4431 7.
974 4380 1018 4393 -
1032 4344 1206 4407 Donamus
1223 4358 1343 4419 comm.
1361 4333 1419 4399 lili.
1436 4337 1470 4412 4,
1498 4352 1568 4420 cap.
1588 4328 1651 4409 18,

289 4457 314 4523 s.
329 4443 410 4523 aad.
425 4444 446 4507 l.
466 4442 514 4509 18.
532 4443 567 4507 ff.
582 4443 624 4509 de
638 4442 736 4509 rebus
749 4434 836 4509 cred.
851 4462 885 4512 et
898 4441 1038 4517 Vmerus
1052 4444 1093 4539 ad
1107 4442 1254 4509 lust'lib.
1269 4463 1299 4521 2,
1311 4441 1358 4507 tit.
1372 4461 1407 4518 ι,
1422 4446 1450 4516 ς.
1463 4438 1506 4515 do
1517 4435 1653 4503 etVorrr
1686 4470 1689 4473 ·

174 4606 178 4613 ,
289 4550 665 4633 ιάΡαιιάΛίὺιάῃιίῑ.
686 4572 769 4631 1,n.
789 4548 839 4618 36.
1066 4572 1071 4579 ’
1239 4557 1243 4562 ’
1466 4566 1470 4572 ·
