4509 5875
832 683 1036 756 ultano.
1595 704 1643 778 97

270 891 364 946 rum
383 889 547 966 omnes,
573 864 835 971 primo.anno
863 891 1010 974 porum
1035 879 1199 944 suenus
1221 886 1316 942 cum
1333 860 1541 967 discipulis
1559 884 1645 942 csse

268 985 483 1092 agendum.
510 987 645 1094 Atque
667 1011 715 1063 cx
737 985 811 1064 ba'c
839 987 928 1091 ipsa
952 987 1107 1066 ratione
1135 983 1452 1064 illustrissimum
1481 983 1645 1064 Curato.

269 1135 364 1189 rnm
382 1107 622 1213 collegium,
640 1106 964 1215 quotiescumque
984 1107 1061 1212 ipsi
1085 1105 1207 1212 hujus
1233 1107 1293 1184 rei
1315 1133 1456 1212 preces
1481 1103 1504 1186 t
1524 1103 1644 1186 diso

269 1231 376 1338 pulis
393 1229 582 1308 exhibitae
603 1243 730 1321 sunt,
757 1253 849 1338 quo
875 1226 1116 1308 testimoniis
1146 1224 1646 1337 studiorum,oeteroquin

269 1375 364 1433 oum
382 1351 615 1433 assiduitate
634 1369 675 1432 et
693 1377 880 1432 successu
905 1348 1420 1458 peractorum,conlirmari
1438 1363 1645 1457 poterant.

270 1477 432 1554 reniam
456 1474 553 1556 dare
578 1475 840 1567 existimarit,
871 1475 917 1552 in
945 1471 1199 1552 examinibus
1222 1471 1313 1551 loco
1341 1470 1474 1550 latim
1491 1495 1670 1581 sermo-⁰

270 1597 333 1678 ais
358 1596 580 1678 vernaculo
608 1595 780 1678 utendi:
804 1595 918 1704 cujus
935 1593 1078 1674 similis
1103 1582 1385 1704 indulgentiae,
1414 1589 1530 1700 quod
1544 1593 1649 1691 scia·

269 1741 381 1812 mas,
402 1719 473 1798 vix
493 1718 577 1798 ull‘a
595 1718 639 1798 in
656 1718 733 1798 aliu
752 1717 968 1799 Academia
987 1731 1112 1798 exstat
1125 1707 1371 1824 exemplum.

267 1911 274 1920 ⁸
322 1887 411 2034 Hac
435 1933 577 2017 eadem
605 1896 764 2019 ratione
782 1933 894 2016 ducti
918 1932 1186 2035 Professores,
1202 1931 1369 2013 medico
1392 1931 1650 2040 potissimum

270 2053 513 2159 nodum,
541 2055 770 2166 discipulis,
791 2060 863 2168 qui
892 2056 1118 2138 timidiores
1135 2058 1181 2136 in
1196 2055 1337 2141 latine
1362 2051 1648 2163 respondendo

270 2175 533 2284 vidsbsntm,
552 2179 868 2288 permittebant,
888 2179 1013 2260 animi
1034 2203 1168 2270 sensa,
1199 2193 1270 2256 aut
1288 2175 1441 2254 Gallice
1466 2189 1537 2255 aut
1555 2173 1646 2254 Bel·
1749 2151 1756 2158 ’
1816 2209 1824 2224 ·

270 2300 542 2526 ffialpggnffi
553 2329 564 2400 ς
591 2305 913 2414 qumonesque
938 2303 1050 2412 ‘ipsas
1080 2293 1295 2384 vernacula
1318 2296 1462 2404 sepius
1490 2309 1648 2403 repete·

352 2435 370 2500 i
544 2481 552 2497 .

326 2638 461 2738 Quam
480 2636 902 2749 indulgentiamque
920 2637 1047 2718 nimia
1064 2634 1228 2745 fortasse
1256 2633 1377 2716 alicui
1399 2635 1484 2715 visa
1506 2631 1652 2731 fuerit,

222 2848 227 2860 ³
271 2761 535 2840 necessariam
560 2787 636 2841 nos
650 2759 817 2871 quidem
846 2759 1057 2863 duximus,
1083 2757 1210 2868 idque
1236 2758 1355 2837 initio
1373 2759 1651 2868 potissimums

272 2907 362 2961 eam
383 2881 436 2963 ob
460 2911 637 2988 causam,
656 2911 708 2963 ne
732 2882 1025 2987 adolescentes,
1041 2882 1188 2961 Latino
1209 2882 1388 2962 sermoni
1411 2906 1557 2989 parum
1577 2877 1650 2960 ad·

272 3020 430 3101 suetos,
456 3005 772 3105 cognitionibus-
793 3005 1031 3105 ceteroqmn
1047 3003 1146 3077 satis
1180 2997 1652 3100 instructos,deterrere·

271 3150 384 3221 mus;
411 3120 586 3201 subinde
615 3145 716 3201 vero
745 3114 889 3220 etiam,
916 3133 964 3197 ut
992 3118 1061 3212 iis,
1089 3116 1162 3227 qui
1188 3117 1333 3201 studiis
1358 3119 1545 3201 nondum
1575 3122 1651 3203 rite

270 3242 443 3355 peractis
471 3238 614 3320 leviter
637 3239 689 3317 ad
716 3236 899 3317 examina
925 3238 1181 3343 accederent,
1201 3267 1366 3321 omnem
1396 3243 1553 3324 ratione
1580 3243 1652 3324 lin·

279 3392 368 3475 guse
386 3361 630 3447 difficultatis
651 3374 887 3473 praetextam
915 3357 1253 3443 abscinderemus.

327 3564 555 3649 Videbatur
592 3579 728 3645 sutem
769 3561 836 3641 illa
873 3560 1124 3667 indulgentia
1156 3575 1214 3640 eo¹
1237 3564 1365 3668 magis
1399 3562 1520 3643 nobis
1547 3591 1652 3673 opus

276 3714 361 3771 esse
383 3704 600 3797 propterea
622 3684 759 3796 quod,
779 3712 827 3764 sa
855 3702 1036 3791 utentes,
1068 3686 1112 3764 in
1138 3684 1262 3765 rebus
1278 3687 1397 3795 ipsis,
1416 3685 1461 3764 in
1483 3686 1650 3789 studiis,

272 3824 365 3922 qim
386 3812 477 3889 vitm
499 3806 724 3889 conditioni
747 3805 990 3889 difficillimae
1010 3824 1052 3887 et
1072 3832 1149 3916 pro
1170 3808 1336 3890 hnmani
1358 3812 1519 3914 generis
1534 3837 1650 3919 pros·

273 3933 443 4041 peritate
476 3931 715 4036 gravimima
742 3931 963 4011 necessaria
990 3946 1106 4036 sunt,
1124 3931 1346 4014 severiores
1384 3958 1462 4013 nos
1493 3932 1650 4043 judices

278 4051 493 4165 masmodi
506 4052 632 4133 simas
658 4054 909 4135 occasionem
930 4054 1046 4133 nacti.

331 4284 383 4361 Et
400 4281 528 4392 bojas
539 4281 794 4392 reicxemplo
809 4282 1097 4367 Franco-Galli
1108 4308 1275 4397 quoque
1284 4286 1406 4370 nobis
1423 4290 1648 4396 praeierunt.

277 4404 516 4507 muratis-
535 4406 645 4487 enim
673 4406 718 4485 in
748 4406 878 4487 Gallia
900 4406 1107 4489 literarum
1133 4408 1303 4512 studiis,
1325 4412 1424 4496 item
1445 4416 1649 4521 praecipic-

278 4526 529 4725 hubam
554 4529 705 4611 Latine
727 4528 895 4636 bagua,
918 4529 976 4613 ita
1000 4546 1159 4638 omen,
1178 4548 1324 4687 asper
1349 4534 1505 4733 aligpot
1523 4556 1652 4621 annos
