4509 5875
364 738 370 749 .
474 760 477 764 V
511 637 798 727 suspensio
821 648 890 721 Au
914 648 1104 768 QUAEST.
1128 646 1400 720 PHYSICAM.
1590 674 1633 744 ¹7·

269 828 328 907 nii
346 828 460 937 quod
474 829 636 911 acidum
652 856 739 913 nou
759 850 837 937 est,
854 859 947 914 cum
964 831 1056 911 basi
1074 858 1160 913 non
1176 829 1289 911 ccidi
1308 842 1531 937 generetur
1547 832 1625 911 aci·

268 952 384 1052 dum,
404 978 481 1031 uec
501 954 626 1063 quaeri
647 973 809 1058 possent
829 956 905 1033 elia
925 954 1041 1061 plura
1059 952 1241 1061 ejusdem
1258 954 1433 1035 rationis.
1454 954 1545 1035 Non
1569 971 1629 1033 cst

267 1070 388 1181 hujus
414 1072 495 1152 loci
523 1100 758 1182 peremere
776 1093 1034 1179 argumenta,
1051 1102 1142 1184 ques
1165 1077 1347 1183 quamvis
1366 1104 1451 1154 non
1476 1074 1633 1161 aucant

267 1194 388 1302 hujus
419 1196 652 1303 hypothesis
679 1198 889 1276 veritatem
917 1195 1212 1295 demonstrare,
1232 1224 1323 1301 eam
1351 1214 1485 1275 tamen
1518 1200 1630 1281 omni

266 1316 552 1453 probabilitate
571 1344 657 1397 non
678 1317 842 1397 destitui
860 1316 1108 1397 convincant.
1122 1318 1170 1395 ln
1188 1252 1263 1396 liae
1280 1318 1399 1397 etiam
1416 1317 1632 1424 hypothesi
1746 1364 1749 1369 ·

263 1438 299 1517 si
309 1454 356 1517 et
370 1456 562 1547 apparatu
574 1456 615 1520 et
630 1440 838 1521 sensibus
828 1442 1011 1520 rustructi
1028 1467 1205 1520 essemm
1222 1440 1274 1519 ad
1283 1438 1527 1521 divisionem
1545 1468 1630 1521 me·

264 1559 470 1642 chanim
488 1588 566 1667 pro
582 1560 703 1641 libitu
720 1560 1054 1673 continuandam
1073 1560 1124 1639 ad
1143 1560 1350 1640 elementa
1356 1560 1522 1644 taudem
1539 1588 1632 1669 per

263 1684 403 1763 venire
423 1710 631 1791 possemus
649 1710 740 1793 quae
766 1684 874 1762 inter
899 1709 942 1761 se
968 1619 1105 1761 fotian
1126 1699 1259 1762 essent
1276 1682 1481 1784 distincta,
1509 1699 1632 1794 atquc

262 1807 438 1886 nuterisc
467 1804 546 1884 hoc
566 1803 696 1885 ,modo
718 1803 1001 1912 decompositae
1024 1804 1223 1911 principia
1253 1806 1537 1900 constituentia
1559 1804 1632 1885 sed

265 1925 461 2034 simplicia
487 1926 591 2007 forte
614 1918 868 2023 exhiberent3
888 1924 999 2005 unde
1017 1942 1153 2004 autem
1179 1942 1335 2005 constat
1362 1925 1465 2005 hanc
1489 1955 1635 2033 seque·

264 2049 346 2127 lam
373 2066 524 2129 naturae
557 2050 798 2150 contrariam
826 2048 942 2133 esse?
975 2046 1124 2127 Saltem
1156 2045 1267 2127 facile
1290 2047 1448 2153 concipi
1479 2063 1632 2153 potest,

264 2169 474 2281 quomodo
489 2198 538 2250 ex
557 2169 642 2278 ejus
660 2169 772 2251 modi
790 2170 1085 2252 elementorum
1105 2172 1258 2250 unione
1272 2196 1442 2277 corpora
1463 2166 1633 2250 formen‘·

173 2330 180 2345 ·
264 2308 342 2371 tur.
362 2296 457 2396 Quo
470 2289 594 2373 modo
611 2311 746 2372 autem
765 2292 973 2400 dynamici
1001 2294 1182 2373 materiei
1199 2290 1482 2375 formationem
1499 2295 1634 2385 conci,-

261 2415 376 2525 piant
391 2442 441 2494 ex
458 2415 608 2497 virium
621 2415 930 2522 originariamm
940 2416 1022 2519 ,vis
1037 2414 1253 2498 attractivae
1268 2413 1419 2495 seilicet
1437 2431 1478 2493 et
1494 2414 1631 2522 repul-

263 2538 357 2617 sivae
375 2537 635 2648 aequilibrio?
656 2540 733 2646 ipsi
753 2556 968 2646 exponant
1080 2522 1085 2529 ’
1170 2528 1173 2535 ’
1209 2526 1211 2533 ’

315 2694 529 2805 Quidquid
541 2694 1098 2803 sit,ubiuuslysiscessat,ibi
1112 2694 1502 2775 Chemicielementa
1515 2720 1630 2802 prac-

260 2820 342 2897 tice
365 2834 600 2924 agnoscunt.
624 2820 684 2897 Ex
708 2843 857 2923 magno
885 2818 1180 2907 elementorum
1206 2842 1378 2897 numero
1407 2820 1478 2928 qui
1506 2818 1635 2930 quoti-

266 2939 332 3018 die
354 2944 496 3017 crescit
518 2958 589 3014 ant
610 2940 814 3037 decrescit,
833 2955 874 3018 ct
893 2941 1094 3042 immensi
1101 2941 1466 3044 phaenomenorum
1480 2941 1633 3026 chemi-

267 3088 410 3143 corum
437 3053 697 3136 multitudine
721 3065 815 3134 satis
841 3063 1103 3164 perspicuum
1129 3075 1210 3157 cst,
1236 3061 1306 3135 illa
1334 3063 1387 3138 ad
1413 3064 1520 3166 leges
1546 3081 1638 3163 tam,

266 3181 469 3290 generales
484 3178 662 3259 revocari
679 3205 764 3257 non
782 3203 901 3285 posse
917 3203 1042 3287 quam
1055 3196 1152 3258 sunt
1164 3178 1272 3286 leges
1284 3179 1630 3279 Mechanicorum3

262 3322 438 3386 attamen
455 3330 540 3387 nou
557 3301 705 3382 desunt
725 3300 833 3406 leges
842 3297 993 3412 aliquae
1013 3301 1241 3407 generales,
1260 3320 1301 3383 et
1318 3301 1396 3383 hoc
1416 3301 1497 3410 jam
1523 3305 1628 3384 vivi-
1702 3377 1721 3400 ,,
1861 3392 1866 3406 ‚

264 3455 356 3506 mus
373 3444 575 3533 tempore,
597 3451 683 3562 quo
705 3425 751 3502 in
767 3423 959 3504 omnibus
979 3441 1094 3506 terrae
1111 3425 1261 3533 plagis,
1280 3426 1354 3506 ubi
1373 3427 1631 3509 scientiarum

266 3564 307 3629 et
326 3549 474 3628 artium
494 3545 560 3627 rel
586 3546 751 3625 minima
778 3546 909 3627 etiam
916 3573 1012 3626 cura
1038 3563 1115 3650 est,
1136 3549 1213 3629 vin
1201 3544 1371 3656 plures
1390 3576 1475 3630 non
1494 3550 1630 3634 minus

266 3671 451 3750 acumine
468 3669 620 3772 ingenii
639 3695 763 3776 quam
783 3667 928 3775 judicii
943 3670 1168 3776 prestantis
1189 3672 1410 3752 eminentes
1431 3669 1631 3755 indefesso
1763 3701 1766 3710 ·

268 3793 408 3874 lubere
427 3789 664 3891 moliantur,
685 3789 941 3897 disciplinam
967 3795 1213 3872 constituere
1236 3811 1278 3874 et
1293 3775 1555 3901 amplificare,
1573 3793 1631 3874 le·

269 3939 419 4023 gesque
439 3911 707 4018 generaliores
722 3911 924 4015 stabilire,
941 3930 983 3993 et
1002 3930 1117 3996 tauto
1134 3940 1340 4017 successu,
1354 3932 1401 3995 ut
1420 3914 1505 3994 haec
1522 3915 1625 4056 Phys

268 4037 369 4114 sices
388 4061 479 4141 pars
503 4063 528 4112 e
554 4036 636 4144 qua
661 4034 845 4142 plurimae
865 4052 971 4116 artos
991 4037 1192 4146 pendent,
1220 3973 1374 4120 artibirs
1395 4035 1477 4119 fere
1505 4041 1631 4120 omni·

269 4155 349 4238 bus
366 4157 537 4272 vitasque
552 4155 782 4238 uberrimos
800 4157 955 4240 uacus
969 4187 1080 4243 nunc
1095 4160 1328 4270 suppeditet
1355 4176 1408 4240 et
1419 4159 1628 4257 asnieres

268 4282 313 4360 in
333 4293 542 4388 posterum
570 4277 816 4388 polliccatur.

326 4471 561 4667 lnHPhysicd
577 4472 885 4580 Organicorum,
902 4472 1252 4583 quoePhysiologia
1269 4471 1435 4622 dicitur,
1453 4503 1539 4558 non
1553 4478 1628 4584 agi·

1447 4601 1469 4672 3
