4509 5875
782 623 1146 698 ammorhaei-t
1584 629 1632 726 ³7

268 791 535 885 necessariuin
558 803 630 900 sit,
655 819 701 882 ut
730 801 927 910 ejusmodi
956 830 1080 912 opera
1104 805 1149 882 in
1172 802 1368 886 habendis
1392 806 1635 890 lectionibus

199 927 201 932 ’
266 926 499 1007 auditorum
517 922 643 1004 oculis
660 924 943 1032 subjiciantur,
964 925 1191 1006 exhibenda
1208 926 1275 1006 illa
1283 928 1465 1038 quidem3
1484 911 1651 1030 sed.,si⁰

265 1050 539 1157 praelectiones
567 1048 611 1127 in
643 1045 787 1127 eodem
814 1047 859 1128 in
888 1073 972 1154 quo
999 1047 1248 1128 Bibliotheca
1275 1068 1336 1130 est
1363 1051 1530 1138 aedificio
1561 1054 1632 1134 ha-

264 1171 436 1273 hentur,
456 1174 590 1250 statim
614 1185 707 1276 post
733 1195 798 1246 eas
822 1167 972 1266 finitas,
995 1168 1058 1246 sin
1081 1171 1238 1272 minus,
1258 1169 1400 1252 saltem
1419 1174 1523 1254 intra
1541 1204 1633 1284 sep·
1720 1247 1723 1252 .

249 1294 420 1385 ¹tirnantc
448 1295 623 1400 spatium
636 1281 893 1399 'reportanda
917 1304 1022 1369 sunt.
1078 1297 1081 1304 ’

873 1469 898 1565 s
924 1463 1029 1541 vlu.

267 1699 269 1704 -
320 1641 619 1726 professoribus
637 1656 907 1739 tantum‚non
925 1636 1123 1718 Studiosis
1144 1635 1318 1718 liberum
1329 1656 1390 1720 est
1409 1644 1452 1721 in
1473 1648 1634 1726 concta„

266 1768 332 1846 via
361 1765 436 1846 ubi
471 1764 568 1844 libri
600 1777 852 1842 asservantur
883 1761 1058 1863 intrare,
1088 1757 1298 1870 librosque
1328 1761 1407 1845 sibi
1436 1791 1459 1842 e
1487 1754 1634 1872 pluteis

269 1915 439 1969 sumere.
465 1884 643 1966 Studiosi
666 1911 752 1968 non
784 1883 863 1962 nisi
892 1877 1070 1964 Custode
1095 1882 1244 1959 comite
1270 1883 1418 1988 singuli
1448 1902 1517 1965 aut
1547 1887 1634 1966 bini

266 2026 436 2122 possunt
461 2010 637 2110 intrare,
663 2033 739 2086 nec
765 2022 900 2084 tamen
930 2000 1056 2083 libros
1083 2002 1342 2084 extraheres
1374 2005 1533 2089 scriniis
1564 2026 1637 2088 aut
1690 1998 1693 2004 ⁴

268 2134 462 2214 evolvere.

879 2235 913 2332 »ς
939 2232 1007 2310 ΙΧ.

320 2430 404 2532 Qui
425 2427 551 2507 libros
577 2424 629 2504 ad
652 2418 949 2530 excerpendum
975 2436 1045 2499 aut
1065 2419 1116 2515 ad
1146 2399 1361 2525 legendum
1386 2421 1630 2530 desiderant,
1663 2492 1671 2510 .

193 2545 198 2560 '
267 2555 312 2632 in
339 2548 526 2630 conclave
552 2545 788 2654 particulare
814 2542 866 2622 ad
895 2541 938 2621 id
966 2539 1210 2626 destinatum
1231 2569 1274 2622 se
1302 2543 1533 2647 conferant,
1560 2549 1634 2630 uhi

270 2675 415 2756 Custos
442 2687 602 2779 promte
633 2685 674 2748 et
700 2663 885 2774 expedite
910 2661 1002 2744 illos
1031 2661 1317 2772 suppeditabit
1354 2713 1359 2722 ·
1467 2714 1472 2731 ·

901 2839 1003 2942 px.

319 3021 432 3103 Idem
467 3019 572 3102 valet
603 3013 654 3099 de
685 3010 943 3096 Bibliothecae
977 3008 1179 3115 catalogis
1217 3014 1385 3115 omnino
1421 3014 1634 3124 absolutis,

266 3171 371 3255 quos
402 3142 624 3249 unicuique
657 3136 709 3217 ad
736 3132 1034 3243 inspiciendum
1061 3132 1254 3213 exhibere
1290 3135 1436 3215 Custos
1464 3153 1635 3220 tenetur.

889 3326 916 3421 s
943 3324 1011 3403 xr.

321 3510 432 3588 luter
449 3502 668 3611 legendum
685 3496 853 3604 singulis
868 3520 1076 3575 summum
1093 3495 1302 3575 silentium
1319 3514 1380 3579 est
1397 3502 1637 3601 tenendum,

267 3656 402 3740 neque
429 3622 700 3737 colloquendo
722 3636 791 3700 aut
812 3614 1113 3697 obambulando
1134 3616 1312 3724 legentes
1336 3619 1636 3702 turbandisunt
1657 3644 1681 3724 ',

882 3816 909 3911 §
935 3808 1023 3886 x11.

326 3990 389 4073 Ad
408 3985 705 4097 excerpendum
724 3981 922 4066 Studiosis
940 3980 1046 4087 stylo
1069 3999 1289 4089 cerussam,
1306 4010 1392 4066 non
1412 3972 1634 4071 atramento

270 4116 365 4196 licet
386 4116 466 4207 uti,
493 4136 568 4192 nec
593 4109 728 4217 ,charta
754 4104 869 4185 libris
900 4120 960 4184 est
981 4103 1241 4213 imponenda

872 4288 898 4383 s
924 4278 1030 4359 xrn.

324 4478 490 4557 Summa
519 4474 687 4554 omnino
723 4494 818 4551 cura
848 4484 907 4547 est
945 4467 1193 4571 adhibenda,
1222 4488 1268 4553 ut
1297 4472 1393 4554 libri
1420 4476 1568 4583 integri
1599 4495 1640 4555 et
