4509 5875
845 638 1050 710 ont‘rro.
1266 683 1270 691 ι
1286 649 1290 657 '
1569 661 1634 714 tot

273 817 469 902 lebnntur.
499 814 580 898 Sed
603 829 665 900 est
680 814 801 898 nobis
816 816 989 898 alterum
1009 843 1059 938 erp
1076 815 1187 904 binis
1209 819 1289 901 illis
1313 817 1567 926 eligendum
1595 835 1644 900 ut
1678 836 1700 922 g.

272 944 357 1022 sive
380 941 553 1022 aliorum
572 940 638 1020 isti
656 939 958 1048 reprehensioni
977 939 1060 1024 nos
1074 940 1264 1028 lubenter
1287 969 1554 1052 exponamus,
1575 957 1646 1022 aut

271 1064 455 1170 muneri,
479 1089 562 1176 quo
585 1060 688 1142 nihil
710 1060 829 1142 nobis
855 1087 940 1148 este
958 1069 1133 1148 sanctius
1150 1067 1291 1172 debet,
1306 1093 1472 1175 prorsus
1492 1091 1642 1151 renun-

273 1214 436 1270 cremus.

430 1377 565 1489 Atque
591 1373 672 1476 hec
701 1375 870 1489 quidem
894 1375 1115 1460 hactenus!

325 1566 436 1651 Nihil
454 1585 592 1672 restet,
615 1567 745 1680 'quam
767 1585 815 1651 ut
834 1569 970 1665 vobis,
994 1562 1211 1652 Curatores
1228 1568 1515 1657 illustrissimi!
1535 1587 1645 1650 aestu·

272 1693 561 1804 matissimiquc
576 1692 749 1798 Collcgoe
763 1695 1215 1803 grafias,qmspossum
1223 1693 1433 1798 maximas,
1443 1718 1558 1800 agam
1568 1719 1645 1800 pro

273 1815 543 1921 indulgendi,
570 1817 717 1924 inqua
740 1816 882 1926 sapius
908 1815 1008 1896 mihi
1029 1833 1114 1898 erat
1139 1814 1491 1927 acquiescendum,
1509 1833 1551 1895 et
1570 1841 1646 1922 pro

272 1934 597 2047 prudentissimis
616 1937 816 2039 consiliis,
846 1937 997 2048 quibus
1028 1939 1073 2018 in
1102 1964 1272 2025 manere
1301 1936 1539 2018 difficillimo
1572 1961 1646 2043 per

274 2062 454 2169 primum
471 2059 580 2142 bunc
607 2087 761 2142 annum
779 2059 971 2142 obeundo
993 2059 1184 2170 adjuvere
1203 2088 1270 2141 me
1290 2059 1485 2141 voluistis.

309 2252 455 2334 Nobis
484 2279 668 2364 quoque,
691 2253 834 2362 optimi
853 2252 1036 2362 juvenes,
1067 2276 1159 2358 spes
1183 2251 1320 2357 patrie
1344 2264 1387 2327 et
1405 2265 1649 2356 parentum,

273 2374 346 2484 qui
363 2373 443 2452 hoc
469 2403 576 2450 anno
608 2374 690 2478 jam
716 2374 931 2452 nobiscum
959 2375 1053 2450 estis
1081 2373 1254 2475 versati,
1279 2385 1440 2476 gratum
1467 2372 1651 2452 animum

272 2493 468 2575 testificor
495 2499 573 2602 pro
599 2518 736 2572 amore
754 2509 796 2572 et
823 2493 946 2572 animi
972 2491 1213 2597 effectione,
1236 2520 1317 2603 qua
1343 2521 1419 2572 uos
1448 2495 1543 2574 estis
1562 2521 1653 2604 pro·

161 2621 164 2632 '
273 2618 420 2720 secuti,
446 2643 536 2726 pro¹
552 2615 900 2725 obtemperantia,
929 2643 1051 2728 quam
1082 2614 1241 2722 legibus
1272 2615 1530 2725 prostitutis,
1553 2644 1651 2727 quo-1

274 2742 513 2849 tieaeunque
532 2766 601 2820 ens
630 2741 673 2819 in
691 2739 873 2818 animum
891 2738 1009 2819 vobis
1031 2765 1219 2820 revocare
1237 2737 1447 2820 debebam.
1475 2739 1652 2823 Abunde
1697 2743 1706 2755 ’

275 2863 374 2945 mihi
405 2861 714 2972 comprobastis,
737 2862 782 2943 in
796 2858 973 2943 consiliis
992 2877 1033 2942 et
1065 2857 1434 2966 exhortationibus,
1452 2863 1579 2943 immo
1605 2864 1649 2944 in

275 2988 373 3092 ipsis
381 2991 642 3095 poenis,quas
652 2984 838 3090 quamvis
851 2984 1051 3064 rarissime
1062 2984 1337 3091 pronunciare
1345 3001 1509 3061 coactus
1525 3011 1653 3087 eram,
1790 3079 1793 3088 Ι

276 3134 349 3185 vos
377 3106 547 3187 nonnisi
587 3100 913 3183 ardentissimum
941 3130 1081 3183 meum
1114 3105 1348 3209 cognovisse
1369 3102 1651 3211 desiderium,

278 3230 420 3307 vestris
446 3224 570 3303 rebus
596 3222 858 3324 inserviendi,
884 3224 1084 3333 vobisque
1118 3228 1391 3335 quantumin
1423 3254 1489 3308 me
1518 3248 1650 3332 esset,

280 3351 424 3431 futrum
445 3346 640 3427 felicitatis
667 3350 776 3426 viam
795 3344 1016 3425 muniendi.
1036 3346 1153 3453 Rogo
1177 3376 1274 3451 vos,
1300 3365 1347 3429 ut
1373 3348 1535 3453 eadem,
1570 3378 1653 3460 qua

280 3472 453 3585 coepistis
479 3471 635 3549 ratione
666 3468 767 3549 etin
792 3484 1001 3577 posterum
1020 3472 1211 3578 pergatis,
1241 3490 1474 3580 persuasum
1497 3470 1649 3553 haben·

280 3612 362 3698 tes,
390 3590 707 3704 necquidquam
736 3618 802 3671 me
834 3618 919 3671 esse
938 3590 1249 3698 neglecturum,
1282 3618 1367 3701 quo
1398 3591 1541 3674 studiis
1560 3620 1648 3673 vesr

281 3722 354 3799 tris
380 3734 420 3799 et
446 3716 565 3797 saluti
595 3716 746 3825 optime
773 3715 985 3797 consulere
1012 3716 1176 3823 possim.
1601 3710 1605 3716 ’

891 3997 1046 4078 DIXI.
