4509 5875
572 656 816 728 nesrossro
840 658 904 728 An
926 658 1091 745 Qussr.
1116 657 1261 726 ιιιιιιι).
1370 687 1375 695 -·
1563 656 1629 728 σι

247 869 339 940 rum
349 873 471 930 error
498 868 650 968 potest3
670 852 811 934 dicunt
833 855 963 953 enim,
988 867 1063 934 hec
1087 853 1227 934 liberis
1244 851 1513 952 naturalibus,
1536 859 1612 935 'nee

247 971 423 1079 conjugi,
448 997 522 1050 nec
550 970 646 1050 fiseo
666 971 888 1056 demonium
910 1001 1048 1054 rerum
1067 975 1118 1052 ad
1139 972 1410 1054 haereditatem
1429 979 1611 1083 spectan-

245 1095 349 1180 tium
360 1093 500 1172 'statim
520 1092 762 1200 acquisitum
782 1121 888 1195 esse,
906 1095 968 1172 uti
984 1092 1214 1172 heredibus
1226 1093 1419 1198 legitimis
1438 1101 1614 1207 acquiri·

195 1303 201 1314 ,
245 1231 329 1318 tur',
349 1216 443 1323 quia
461 1237 597 1292 rerum
618 1211 764 1303 harum
775 1217 1059 1322 possessorem
1076 1237 1245 1323 quoque
1265 1221 1350 1294 ιιοιι
1367 1219 1500 1296 stetim
1513 1247 1614 1300 nen·

246 1338 465 1434 ciscuntur,
487 1332 559 1414 sed
585 1335 801 1441 impetrare
826 1335 1001 1432 debent3
1021 1362 1157 1446 neque
1188 1333 1348 1441 vident,
1374 1363 1424 1416 ex
1450 1363 1500 1416 eo
1524 1337 1614 1445 ipso

245 1453 390 1593 quod
379 1471 594 1562 impetrare
612 1460 892 1564 possessionem
913 1474 1070 1537 tuntum
1090 1456 1292 1555 debeant,
1311 1461 1535 1540 necessario
1553 1487 1616 1544 se·

245 1577 339 1684 qui,
355 1575 436 1683 jam
461 1575 568 1658 inde
587 1574 851 1656 dominium
838 1607 884 1658 ιιι
902 1579 1012 1685 ipsos
1034 1578 1272 1660 translatum
1296 1605 1396 1677 esse,
1419 1581 1615 1688 quemad·

247 1696 416 1777 modum
437 1713 551 1832 autea
570 1700 812 1830 scripsimus.

62 1936 65 1944 ’
206 1953 213 1966 ·
296 1922 410 2003 Alios
429 1940 564 2004 autem
577 1926 816 2033 interpretes
830 1953 903 2035 qur
889 1924 1138 2019 sustinent,
1158 1923 1256 2028 ipsis
1273 1920 1412 2001 liberis
1431 1921 1619 2002 naturali·
1714 1891 1722 1904 ⁴

245 2043 323 2124 bus
337 2035 519 2155 queque,
544 2045 705 2153 conjugi
730 2063 800 2128 aut
825 2047 921 2128 fisco
945 2045 1246 2126 favorem'voce
1267 2044 1413 2123 roirine
1431 2042 1618 2149 designa-

242 2179 332 2244 tum
354 2185 585 2273 competere
617 2169 697 2274 (1),
720 2169 939 2252 adversarii
965 2181 1164 2246 conantur
1183 2162 1382 2267 refutare,
1411 2191 1487 2242 nec
1509 2161 1619 2242 refu·

246 2287 349 2365 tatio
378 2287 551 2368 difficilis
570 2307 652 2386 est,
670 2318 764 2366 eum
791 2289 987 2392 expressis
1013 2288 1154 2388 legum
1178 2286 1316 2366 verbis
1333 2288 1619 2380 contineatur,

248 2406 321 2486 sed
354 2405 455 2517 quid
492 2405 625 2486 inde?
661 2406 808 2486 Nonne
849 2404 988 2484 liberis
1029 2407 1302 2494 naturalibus,
1350 2405 1512 2510 conjugi
1551 2421 1622 2483 aut

248 2525 367 2621 fisco,
389 2529 576 2662 quamvis
597 2525 733 2606 favore
754 2525 833 2606 hoc
855 2553 942 2606 non
969 2523 1193 2631 gaudeant,
1223 2523 1453 2604 dominium
1486 2541 1621 2603 tumen

248 2646 405 2753 acquiri
432 2647 590 2752 potest?
606 2647 902 2728 Possessionem
922 2655 1018 2726 sane
1036 2651 1126 2754 ipso
1144 2643 1235 2752 jure
1261 2672 1345 2724 non
1361 2643 1530 2739 habent,
1550 2644 1622 2722 sed

251 2766 479 2846 dominium
502 2794 587 2848 non
606 2768 708 2849 ideo
735 2769 871 2848 minus
891 2769 1040 2848 habere
1064 2782 1255 2904 possunt,
1280 2793 1374 2846 cum
1394 2792 1511 2846 causo
1528 2765 1623 2876 pos·

250 2887 436 2971 sessionis
464 2893 631 2972 omnino
659 2918 682 2972 a
704 2889 888 3029 dominio
909 2889 1067 2973 diversa
1084 2892 1197 2973 sit

318 3116 369 3191 Et
387 3136 530 3189 eorum
547 3110 787 3191 sententiam
807 3124 855 3187 ut
872 3114 1120 3187 telsissimam
1146 3112 1276 3216 rejicit
1296 3114 1495 3214 interpres
1522 3112 1626 3189 alios

251 3259 340 3314 non
358 3229 610 3373 spernendus
632 3232 706 3337 (1),
725 3232 797 3341 qui
809 3228 956 3310 tiberis
976 3228 1247 3326 naturalibus,
1261 3227 1424 3335 conjugi
1444 3242 1513 3307 aut
1530 3228 1625 3310 fisco

253 3358 547 3496 possessionem
561 3355 649 3461 ipso
660 3352 750 3462 jure
768 3379 854 3432 non
863 3350 1147 3453 dar1,fntetur
1158 3348 1229 3431 sed
1238 3348 1539 3456 adperttamen
1553 3351 1627 3431 etsi

255 3478 353 3585 ipsis
373 3479 570 3583 possessio
589 3502 673 3553 non
699 3470 845 3574 detur,
859 3473 1088 3553 dominium
1105 3490 1242 3555 temen
1260 3473 1504 3615 acquisitum
1522 3499 1626 3603 esse,

257 3598 439 3706 adeoque
458 3616 499 3677 et
515 3596 580 3715 jus
599 3562 770 3676 dominii
788 3593 1097 3677 transmittendi.
1156 3658 1161 3664 .
1306 3613 1310 3619 ⁴

314 3840 514 3953 Caeterum
525 3837 774 3920 transeundo
791 3837 1172 3943 animadvertimus,
1183 3837 1444 3918 substitutam·
1450 3860 1536 3916 esse
1554 3863 1627 3916 vo·

263 3989 349 4043 cem
366 3962 467 4041 hanc
479 3962 660 4068 (saisire)
671 3961 1030 4073 etquodemrnod'o
1040 3961 1273 4041 successisse
1281 3958 1483 4067 principio
1494 3958 1647 4067 ,quod‘=

129 4076 132 4088 ’
265 4086 444 4163 antesin
473 4082 615 4163 Galliae
627 4086 846 4193 provinciis
867 4112 959 4194 quae
974 4084 1065 4193 jure
1089 4111 1175 4164 non
1191 4098 1348 4163 unnim
1370 4080 1630 4162 consuetudi·

293 4336 358 4424 «(ι)
378 4336 417 4401 V.
432 4334 656 4415 Inmnr,·des
671 4336 764 4404 Suoc.
784 4339 840 4405 liv.
857 4337 1014 4421 3,;0h.e,
1037 4338 1070 4403 ιι.
1092 4358 1143 4432 rr.

312 4472 361 4563 (r)
382 4476 428 4541 M.
444 4478 597 4557 Cursor,
610 4476 738 4541 Comm.
755 4496 811 4541 sur
823 4475 871 4540 les
888 4474 983 4542 Suco.
997 4486 1055 4538 art.
1071 4470 1144 4557 7²³·
