4509 5875
732 694 1205 767 INAUGURATIONIS.

718 905 779 975 En
800 884 932 974 Ordine
952 902 1177 974 Medicorum
1305 961 1312 970 .

720 1066 900 1189 Cunnum·
912 1120 973 1187 Fr.
992 1120 1176 1205 Jrcrrrnr3

689 1330 752 1403 Er
778 1310 912 1399 Ordine
933 1323 1258 1399 Jurccomulromm

724 1542 777 1613 io.
791 1543 851 1613 Fr.
868 1540 979 1609 Mrcu.
998 1538 1210 1621 Brrrrruru

549 1750 610 1818 En
636 1744 768 1818 Ordine
790 1744 935 1845 Discr'pl.
959 1744 1072 1821 matii.
1097 1760 1133 1817 et
1149 1741 1385 1845 physicarum

773 1958 833 2025 Fr.
857 1958 930 2027 irc.
954 1958 1112 2041 Gonnum

539 2162 623 2255 ‚En
644 2157 779 2235 Ordine
804 2160 939 2235 Plu'los.
963 2176 999 2233 et
1022 2162 1072 2234 lu.
1098 2160 1355 2233 humaniorum

780 2356 844 2426 Gr.
861 2358 932 2427 Jos.
955 2360 1111 2427 Burrn.

328 2696 401 2793 17.)
429 2696 559 2783 Facti,
577 2692 667 2767 dum
692 2694 769 2766 haec.
786 2694 1032 2789 gerebantur,
1053 2694 1256 2767 lectionum
1278 2693 1496 2783 indictione,
1516 2698 1644 2793 patriae

270 2812 449 2905 juventus
472 2808 733 2905 frequentius,
756 2830 870 2903 quam
895 2808 1024 2905 opinio
1044 2805 1204 2893 ferebat,
1230 2806 1438 2893 advolavit,
1460 2808 1510 2879 ita
1536 2815 1641 2880 utin

274 2922 402 2996 album
430 2920 632 2994 Academiae
654 2920 842 3020 inscripta,
860 2918 983 3021 elapso
1010 2920 1188 3018 temporis
1214 2918 1263 2992 ad
1289 2919 1368 2993 hoc·
1388 2918 1465 2991 dati
1489 2922 1641 3021 spatio,

272 3077 469 3127 numerum
498 3053 700 3152 compleret
723 3057 865 3126 CCXIX
892 3051 1169 3141 studiosorum,
1196 3076 1360 3150 quorum
1387 3051 1464 3125 haec
1486 3054 1639 3152 quidem

271 3167 504 3266 singulorum
524 3167 707 3241 ordinum
727 3167 820 3239 ratio
842 3179 918 3237 est:

322 3356 474 3431 Ordinis
500 3357 729 3431 Medicorum
733 3408 1487 3431 ................................
1517 3365 1639 3432 Lxxl.

322 3607 467 3626 --·-
507 3569 790 3668 Disciplinarum
810 3567 922 3646 math.
953 3583 989 3642 et
1013 3568 1248 3666 physicarum
1255 3619 1385 3640 ......
1396 3549 1409 3637 ζ
1425 3619 1433 3638 .
1450 3619 1482 3638 ..
1558 3574 1637 3641 vn.

323 3837 468 3854 ---
506 3795 640 3870 philos.
667 3809 704 3868 et
725 3796 915 3870 literarum
936 3794 1200 3869 humaniorum
1209 3847 1483 3872 ............
1511 3799 1639 3870 Xle.

324 4065 469 4082 --—
512 4023 849 4096 Jureconsultorum
853 4074 1484 4098 ...........................
1501 4028 1639 4098 CXVII.

1450 4226 1634 4240 μ’*

325 4343 494 4432 Quatuor
515 4339 697 4414 Ordiuum
724 4365 866 4415 summa
876 4393 1468 4418 .........................
1491 4345 1641 4418 CCXIX.

379 4635 474 4702 Tum.
491 4635 519 4700 I.
1450 4632 1470 4704 5
1494 4701 1498 4705 ,
