4509 5875
611 637 858 762 uasrousro
881 636 944 710 an
967 639 1133 730 cursa.
1157 642 1297 713 marn.
1583 637 1633 730 tt

274 851 368 914 casu
391 829 549 940 objecto
566 831 786 934 inelegans
813 862 958 944 scopus
980 853 1021 916 et
1039 836 1131 917 finis
1153 837 1522 941 fuit‚donationem
1539 839 1633 918 nul·

271 952 352 1032 lam
372 951 551 1050 delinire,
561 966 841 1057 quatenusper
856 981 944 1030 eam
960 957 1188 1032 dominium
1203 957 1262 1033 rei
1276 957 1431 1037 donatae
1446 959 1635 1040 transfer·

275 1088 354 1149 tur.
366 1071 442 1148 Ast
462 1071 506 1146 in
524 1095 617 1146 casn
637 1068 798 1147 diverso
818 1069 1020 1150 diversum
1031 1089 1111 1174 est,
1128 1077 1191 1152 uti
1205 1076 1239 1152 si
1257 1091 1484 1155 contractus
1501 1075 1637 1159 nullus

272 1207 376 1272 esset
401 1189 456 1268 ob
479 1187 639 1282 dolum;
660 1204 758 1266 tunc
776 1189 885 1266 enim
907 1188 1018 1270 nulla
1047 1216 1133 1268 non
1161 1191 1266 1271 foret
1294 1193 1479 1275 voluntas
1507 1216 1634 1276 trans·

270 1309 422 1388 ferendi
435 1308 661 1388 dominium
672 1325 742 1387 aut
750 1306 934 1388 inefficax
947 1367 959 1410 ,
972 1307 1173 1420 siquidem
1183 1308 1294 1390 nulla
1308 1311 1372 1392 lex
1382 1326 1473 1392 ‘eam
1483 1317 1636 1394 nullam

271 1429 409 1533 faciat,
426 1431 500 1514 sed
515 1429 626 1514 nulla
639 1429 746 1514 foret
770 1430 987 1541 solumque
1009 1431 1120 1513 nulla
1137 1431 1332 1540 obligatio
1352 1459 1403 1515 ex
1429 1451 1637 1516 contractu

275 1552 472 1634 oriunda.-

327 1778 387 1862 30.
408 1781 543 1889 Atque
551 1775 696 1859 ultimo
706 1776 962 1890 requirimus,
979 1792 1027 1860 ut
1044 1807 1262 1863 consensus
1278 1780 1324 1862 in
1339 1777 1641 1863 translationem

277 1899 449 1982 dominii
470 1925 554 1982 non
567 1903 620 1982 sit
632 1926 849 2001 erroneus3
869 1903 1004 1984 nullus
1023 1905 1133 1983 euim
1147 1931 1286 1984 errans
1303 1933 1390 1997 rem
1402 1931 1516 1984 suam
1530 1907 1643 1984 amit·

273 2025 327 2105 tit
346 2025 413 2128 (1).
433 2026 558 2125 Quod
578 2023 629 2106 de
646 2053 783 2105 errore
801 2027 874 2136 qui
890 2028 993 2106 circa
1006 2028 1133 2134 ipsam
1153 2028 1452 2109 translationem
1469 2024 1642 2104 dominii
1741 2089 1745 2094 .

276 2163 458 2226 versatur
476 2147 781 2254 intelligendum
795 2166 873 2246 est,
889 2176 975 2232 non
995 2149 1046 2231 de
1064 2177 1114 2229 eo
1132 2151 1205 2260 qui
1223 2151 1328 2230 circa
1346 2175 1504 2228 causam
1521 2164 1643 2228 trans·

198 2339 204 2348 .
278 2267 454 2371 ferendi,
481 2273 543 2350 uti
572 2289 686 2350 antea
721 2272 905 2352 diffusius
936 2273 1196 2381 exposuimus
1224 2273 1292 2379 (a).
1319 2270 1459 2378 Itaque
1486 2271 1521 2347 si
1555 2293 1656 2345 rem*

277 2412 401 2464 unam
422 2409 498 2490 pro
524 2381 647 2459 alteria
664 2377 739 2458 tibi
761 2384 915 2460 tradam
930 2403 1004 2488 per
1024 2407 1226 2480 mosem,
1240 2409 1288 2470 tu
1305 2391 1493 2495 accipias,
1519 2384 1645 2465 domi.

278 2509 395 2583 nium
421 2504 506 2608 ejus
534 2518 640 2582 certe
667 2529 750 2582 non
774 2501 1019 2582 transfertur,
1044 2505 1185 2582 Paucis
1203 2530 1214 2598 ;
1235 2502 1406 2581 errantis
1426 2530 1647 2584 consensus

273 2649 364 2702 nou
391 2624 513 2701 estin
537 2649 585 2700 eo
609 2623 714 2700 circa
737 2622 851 2731 quod
874 2639 979 2702 errat
998 2680 1009 2725 ‚
1028 2620 1204 2732 ideoque
1226 2647 1444 2703 consensus
1471 2647 1557 2700 non
1586 2641 1646 2704 est

279 2746 324 2824 in
343 2743 641 2824 translationem
672 2740 864 2844 dominii,
883 2743 922 2822 si¹
946 2745 1049 2822 cirea
1074 2742 1376 2822 translationem
1398 2740 1570 2822 dominii
1589 2771 1646 2823 er-

281 2881 413 2946 ratum
432 2865 562 2947 fuerit.
578 2865 682 2946 Cum
700 2879 835 2947 autem
853 2863 967 2945 facile
984 2866 1249 2973 perspiciatur
1261 2865 1477 2974 primoque
1495 2865 1647 2944 intuitu

280 2990 449 3099 intelligi
461 2990 608 3100 possit,
628 3016 742 3073 error
762 2987 891 3100 qualis
909 2989 977 3094 sit,
985 2988 1138 3073 diutius
1154 2988 1219 3070 hic
1228 3015 1315 3071 non
1336 3014 1644 3071 commoremur.

849 3212 1113 3313 ,δι’

811 3423 875 3503 De
899 3390 1113 3503 potestate.

342 3636 600 3728 Absolvimus
617 3632 701 3753 jam
723 3644 816 3725 satis
840 3644 1014 3753 amplam
1034 3646 1085 3727 de
1108 3648 1318 3730 voluntate
1335 3649 1551 3729 materiam.
1574 3644 1650 3727 Ini-

289 3771 347 3851 tio
364 3798 461 3853 vero
479 3769 633 3853 dictum
652 3786 727 3872 est,
738 3797 822 3850 non
842 3769 969 3851 solam
988 3771 1236 3854 voluntatem
1256 3771 1451 3870 sufficere,
1471 3788 1518 3851 ut
1533 3768 1651 3851 tradi·

291 3895 402 3973 tione
420 3893 647 3974 dominium
666 3889 940 3989 transferatur,
959 3891 1032 3974 sed
1053 3894 1207 4002 requiri
1224 3894 1390 3999 insuper
1411 3908 1651 4000 potestatem

293 4012 462 4094 dominii
475 4013 739 4104 transierendi
752 4014 796 4095 in
808 4011 1009 4120 tradente,
1026 4007 1260 4126 acquirendi
1277 4014 1323 4093 in
1340 4014 1568 4122 accipiente.
1639 4057 1662 4123 g

339 4236 388 4325 (1)
409 4238 444 4301 t.
463 4236 501 4301 15
520 4232 557 4301 ft
573 4237 664 4304 deu.
682 4242 719 4335 ll.
737 4241 778 4305 D.

337 4356 387 4445 (a)
414 4358 448 4423 L.
463 4358 502 4424 16
513 4356 550 4423 ll.
565 4356 606 4424 de
620 4360 662 4423 A.
673 4360 776 4424 ltu:
793 4359 869 4425 Cum
879 4365 914 4427 iu
927 4385 1037 4450 eorpus
1053 4358 1275 4451 quidemquod
1282 4355 1653 4423 tradimreommriamus

296 4464 332 4527 in
341 4463 444 4531 causis
460 4486 536 4530 veru
550 4460 781 4545 dissentiamus,
795 4484 861 4528 non
873 4466 1090 4530 arrimadvsno
1104 4486 1162 4528 cur
1183 4458 1342 4550 inefficax
1355 4464 1398 4535 sit
1411 4462 1553 4529 uastam
