4509 5875
576 539 622 611 88
960 539 1129 610 canon
1153 537 1342 610 EUGENII
1366 525 1535 608 IMBERT

567 718 785 827 subjicitur
807 717 1071 826 Crispinienei
1099 717 1268 800 abbatiae
1299 717 1401 800 »Se
1438 715 1647 798 ἶᾶτίιιίατιὲςγ
1665 738 1756 822 quoe
1782 716 1860 792 sita
1880 725 1942 791 ert

570 842 674 920 inter
702 840 809 920 duae
839 841 991 920 Henas
1019 841 1233 949 (fluviolos
1255 843 1422 950 nempe)
1438 837 1761 958 'vt'vcrm'seilieet
1783 851 1823 913 et
1836 861 1937 913 mor-

572 977 688 1041 tuam
708 993 729 1036 »
752 969 768 1063 (
793 974 820 1070 ).

565 1249 570 1254 ,
624 1162 864 1262 Cannarum,
884 1159 1067 1240 Condate
1091 1160 1150 1264 (h.
1171 1159 1353 1263 Condi),
1374 1159 1426 1240 ad
1445 1157 1597 1240 Scaldis
1613 1160 1820 1267 Hanaeque
1842 1183 1942 1236 con·

567 1283 757 1384 fluentes,
788 1281 901 1362 unde
932 1310 1085 1361 nomen
1116 1283 1170 1385 (si
1197 1285 1285 1360 Deo
1305 1283 1482 1386 placet),
1512 1279 1746 1362 ducendum
1777 1279 1937 1360 volunt.

566 1404 857 1485 Monasterium
874 1418 958 1480 erat
978 1403 1202 1505 virginum,
1230 1403 1274 1480 in
1301 1399 1500 1482 divisione
1522 1405 1638 1506 regni
1661 1401 1772 1509 apud
1789 1404 1937 1480 Marsa·

567 1550 662 1601 nam
681 1538 768 1602 acta
791 1520 937 1602 carolo
966 1520 1091 1602 Calvo
1116 1519 1317 1600 tributum
1346 1525 1413 1625 (a).
1440 1523 1560 1598 Hunc
1587 1537 1774 1600 nostrum
1803 1521 1939 1600 locum

567 1645 611 1722 in
629 1641 816 1723 condocti
828 1641 917 1744 illo,
929 1640 980 1722 ad
994 1642 1170 1723 Scaldim
1181 1643 1281 1742 sito,
1296 1641 1370 1722 ubi
1383 1642 1423 1722 N
1425 1643 1610 1721 ormanni
1622 1668 1655 1720 a.
1670 1639 1748 1724 883
1763 1639 1940 1722 habuere

567 1762 791 1866 domicilia,
812 1763 881 1842 alii
898 1780 1085 1875 quaerunt
1106 1757 1184 1866 (3).
1204 1767 1299 1845 Post
1315 1763 1406 1844 illos
1424 1781 1583 1844 exactas
1600 1763 1714 1844 locus
1734 1762 1838 1844 forte
1856 1765 1940 1872 ipse

567 1883 620 1962 ‘ab
646 1884 790 1964 incolis
818 1883 1067 1994 frequentari
1096 1887 1242 1994 coepit,
1267 1903 1307 1965 et
1333 1887 1624 1968 monasterium
1652 1885 1755 1967 illud
1776 1887 1939 1967 canoni·

567 2031 711 2089 corum
727 2005 899 2113 collegio
916 2007 1151 2106 tradebatur
1173 2008 1266 2106 (4).

620 2197 883 2280 Conrnrrnnnn
930 2204 988 2306 (h.
1040 2201 1340 2308 Cortenberg)‚
1377 2202 1540 2282 abbatia
1579 2199 1940 2281 Benedictinorum

566 2319 773 2400 Bnrxellae
802 2323 909 2402 inter
938 2325 1244 2434 Lovaniumque
1271 2323 1532 2424 intermedia,
1554 2323 1775 2431 privilegiis
1804 2339 1940 2432 poste·

566 2441 1106 2531 rioribneaaecnlisomnibue
1123 2448 1304 2528 numeris
1320 2446 1447 2548 clera,
1460 2443 1532 2526 sed
1550 2446 1654 2524 circa
1672 2444 1794 2526 finem
1807 2446 1937 2526 nostri

563 2561 698 2652 raeeuli
714 2564 783 2644 rix
799 2565 980 2647 instituta
997 2567 1072 2666 (5).

567 2732 589 2758 '⁴
616 2749 823 2859 Cmtnnnrr
856 2751 913 2845 (h.
945 2749 1207 2854 Crainhem),
1235 2754 1348 2834 locus
1366 2756 1480 2858 juxta
1508 2750 1735 2854 Bruxdlas,
1758 2754 1936 2855 {ditionis

564 2861 797 2954 monasterii
816 2876 864 2952 D.
878 2872 1070 2972 tannis,
1087 2888 1135 2950 ut
1150 2873 1194 2951 in
1208 2873 1514 2954 confirmatione
1532 2873 1718 2953 videmus
1729 2873 1939 2959 bonorum

563 2992 778 3101 hujusdem
804 2991 974 3073 abbatiae
994 2994 1282 3073 amaurico
1305 2997 1405 3103 Imp.
1437 2980 1484 3075 a}
1504 2996 1603 3079 1003
1629 2996 1730 3078 iacta
1759 3000 1823 3107 (6)
1855 3031 1865 3079 t
1892 3004 1936 3082 in

562 3117 798 3195 recensione
816 3113 867 3196 ab
888 3112 1138 3194 Othelboldo
1152 3115 1266 3233 ¹Abb.
1297 3145 1330 3196 a.
1358 3116 1459 3198 1030
1478 3119 1691 3205 instituta...
1714 3154 1735 3199 α
1758 3124 1801 3203 in
1820 3152 1933 3235 pago

562 3237 850 3338 Brnrhbatinse
871 3236 1026 3315 Morem
1047 3253 1088 3315 et
1107 3236 1318 3319 Cnarrrnnn
1337 3272 1357 3315 a
1378 3250 1443 3349 (7)
1464 3243 1640 3351 ponitur.

616 3426 857 3509 Cannnnoea
898 3426 955 3532 (h.
996 3429 1326 3539 Crombrngen),
1357 3460 1380 3511 a
1410 3432 1617 3517 Ludovico
1652 3436 1935 3519 Transmarino

604 3628 654 3718 (r)
675 3631 790 3698 Munr
802 3654 854 3721 op.
869 3630 952 3720 dipl.
964 3632 1002 3699 T.
1017 3634 1067 3713 11,
1083 3656 1115 3724 p.
1132 3634 1227 3724 1139.

606 3747 656 3833 (a)
677 3750 762 3813 Ibid.
778 3752 800 3814 1.
818 3750 840 3815 l.
853 3753 891 3816 Τ.
905 3757 930 3830 1,
950 3776 982 3841 p.
996 3755 1052 3820 28.

603 3864 653 3951 (3)
677 3864 789 3930 clama.
801 3868 955 3934 Saaeom'e.
968 3874 1017 3937 ed.
1030 3876 1179 3954 Gibron,
1197 3900 1228 3967 p
1243 3880 1298 3945 86.
1385 3932 1388 3939 .

603 3985 652 4073 (ἡ)
673 3986 761 4053 Arta
775 3985 828 4052 SS.
841 3987 960 4076 Belgis,
975 3992 1067 4073 TN,
1084 4018 1115 4084 p.
1136 3996 1208 4064 386.

604 4107 653 4195 (⁵)
675 4110 787 4175 Mrur
803 4132 853 4200 op.
872 4110 967 4202 apt,
985 4115 1025 4180 Τ.
1041 4116 1076 4196 1,
1090 4141 1122 4207 p.
1145 4116 1220 4206 519.

604 4228 652 4317 (6)
673 4232 761 4299 ibid.
774 4233 795 4297 l.
809 4236 831 4300 l.
854 4237 892 4302 Τ.
906 4238 942 4318 1,
956 4260 990 4327 p.
1010 4238 1086 4329 367.

602 4350 652 4444 (7)
672 4351 756 4417 ibid.
765 4354 786 4418 l.
801 4356 823 4419 t
845 4357 883 4422 T.
893 4360 922 4438 1,
934 4381 966 4449 p.
981 4362 1055 4450 349.
