4509 5875
602 577 651 650 ss
961 577 1187 652 sussum
1210 542 1580 646 msmouu'scs.

602 755 748 840 nunti
777 769 999 836 serventur.
1033 756 1117 856 Qui
1139 751 1299 832 iibrum
1330 753 1481 832 leserit-
1502 767 1573 832 out
1600 752 1972 857 commaculaverit,

603 879 690 988 ejus
706 877 908 958 sumtibus
929 873 1040 988 aliud
1061 875 1293 984 exempitun
1310 901 1388 982 pro
1406 872 1657 956 Bibliotheca
1674 891 1735 956 est
1753 877 1972 960 omentum

602 1017 645 1082 et
663 993 805 1082 estem
824 1001 981 1080 ratione
1003 996 1360 1106 compingendum.

1084 1209 1086 1212 -
1205 1173 1366 1274 §xlu

652 1347 710 1428 Ut
736 1347 818 1426 haee
852 1350 990 1430 omnia
1017 1351 1094 1428 rite
1123 1311 1416 1446 observeotur,
1435 1327 1604 1428 Custodi
1621 1346 1882 1431 Bibliotheoae
1910 1369 1972 1431 est

602 1468 863 1576 vigilandum.
898 1471 1058 1575 Quodsi
1095 1471 1216 1550 illius
1242 1469 1360 1578 culpi
1393 1469 1548 1578 aliquid
1585 1468 1814 1576 neglectum
1851 1471 1974 1553 fuerit

604 1608 673 1672 sut
700 1593 916 1696 violatum,
945 1595 1032 1703 ipse
1059 1610 1232 1674 tenetur.

1221 1776 1248 1871 s
1274 1767 1362 1846 xv.

653 1945 720 2026 Ad
749 1942 993 2052 legendum,
1024 1940 1075 2024 od
1100 1940 1366 2049 asportandos
1389 1941 1517 2024 libros
1541 1907 1585 2041 ‚et
1613 1941 1845 2024 reddendos
1876 1970 1975 2054 quo·
2015 2011 2020 2020 ,

601 2069 700 2150 tidie
728 2067 977 2153 Bibliotheca
1003 2082 1064 2144 est
1088 2082 1226 2173 aperta
1254 2082 1439 2174 tempore
1468 2065 1643 2145 hiberno
1673 2066 1725 2147 ab
1748 2065 1850 2148 hors
1875 2066 1894 2145 I
1919 2066 1973 2147 ad

601 2194 744 2273 horam
781 2193 864 2293 IV,
904 2208 1088 2297 tempore
1128 2189 1266 2268 aestivo
1315 2186 1367 2268 ob
1407 2188 1507 2267 horti
1549 2189 1588 2268 11
1627 2188 1680 2270 ad
1708 2187 1852 2270 horam
1889 2187 1968 2286 v1;

600 2313 747 2397 diebus
774 2313 883 2394 sestis
911 2328 952 2390 et
979 2311 1171 2390 Mercurii
1200 2311 1387 2418 exceptis.

1035 2464 1042 2478 “
1205 2483 1357 2586 §xvi

654 2659 781 2762 Quod
806 2659 857 2740 de
879 2660 1170 2741 libris'dictum
1192 2674 1271 2761 est,
1294 2655 1405 2738 idem
1431 2627 1481 2738 do
1504 2655 1842 2766 Ephemeridibus
1860 2659 1969 2739 Lite·

602 2781 717 2860 rariis
736 2781 861 2883 valet,
882 2783 917 2860 si
943 2809 1017 2889 per
1042 2798 1124 2861 tres
1144 2806 1302 2860 menses
1323 2784 1367 2858 in
1385 2781 1526 2860 Museo
1553 2781 1794 2862 Academico
1820 2780 1972 2864 fuerint

602 2919 802 3029 depositae.

1202 3028 1227 3126 ᾗ
1254 3024 1381 3105 XVII.

655 3198 722 3277 Eae
751 3216 907 3302 autem,
936 3216 982 3278 ut
1014 3199 1163 3305 singuli
1187 3200 1364 3280 fasciculi
1388 3167 1650 3302 adstiterint,
1679 3170 1835 3282 ordino
1854 3198 1972 3279 chro-
2100 3257 2107 3263 -

601 3318 791 3429 nologioo
818 3324 895 3404 rite
925 3338 967 3402 et
996 3319 1184 3405 adcurate
1213 3324 1257 3402 in
1283 3318 1463 3403 Iudicem
1493 3350 1516 3400 a
1544 3322 1723 3405 Custode
1743 3338 1840 3405 sunt
1868 3322 1975 3401 refe·

601 3441 746 3525 rendae.
1110 3456 1116 3467 '
