4509 5875
844 667 1052 737 ORATIO.
1238 663 1243 668 ’
1583 668 1631 765 59

272 869 275 876 ’
309 850 515 953 Quoniam
545 847 712 956 itaque,
743 847 815 956 qui
846 845 1077 927 studiorum
1109 850 1313 954 specimen
1341 849 1505 957 publica
1536 851 1626 930 luce

255 969 365 1051 haud
394 967 609 1074 indignum
634 967 753 1048 adare
778 967 897 1066 velit,
920 972 964 1047 in
994 995 1044 1048 eo
1069 997 1154 1052 non
1182 969 1367 1050 voluntas
1392 989 1551 1052 tantum
1580 1001 1625 1054 ac

254 1094 483 1200 diligentia,
510 1115 653 1170 venun
680 1091 800 1168 etiarn
826 1116 923 1169 ustas
951 1116 997 1168 ac
1030 1088 1184 1170 diutius
1209 1093 1442 1170 continuata
1472 1097 1626 1174 exerci-

251 1217 349 1294 tatio
372 1214 609 1324 requiritur'3
627 1211 939 1320 exspectandum
953 1212 1135 1310 vixerat,
1152 1212 1235 1320 jam
1249 1212 1376 1293 altero
1394 1215 1626 1296 instauratae

251 1337 371 1444 hujus
392 1336 617 1417 Academiae
643 1360 752 1418 anno
781 1335 1008 1416 exhibitum
1031 1337 1082 1416 iri
1112 1336 1503 1439 Commentationes,
1532 1365 1627 1418 cnm

249 1460 379 1541 doctis
398 1460 477 1542 illis
507 1489 553 1542 ac
576 1462 787 1572 perpolitis
806 1461 975 1542 aliarum
997 1459 1305 1542 Academiarum
1324 1459 1627 1540 Dissertationi·

248 1583 349 1684 bus,
368 1586 412 1663 in
431 1584 582 1698 quibus
608 1584 861 1694 perlegendis
889 1583 1135 1695 discipulum
1148 1612 1172 1663 a
1187 1585 1380 1689 magistro
1397 1582 1627 1663 discernere

249 1704 458 1787 interdum
484 1705 647 1786 difficile
666 1723 747 1810 est,
774 1707 1036 1787 alteratione
1064 1704 1377 1815 componendas.
1403 1709 1451 1785 ln
1470 1703 1626 1813 dijudi-

250 1824 392 1906 candis
426 1845 562 1907 atatem
590 1829 661 1941 qui
701 1828 823 1910 nobis
850 1829 1021 1910 exhibiti
1062 1845 1158 1910 sunt
1189 1829 1486 1908 commentariis
1524 1825 1627 1906 illud

250 1972 418 2057 quoque
444 1965 504 2028 est
530 1950 891 2050 considerandum,
915 1954 1178 2059 paucissimos
1197 1978 1362 2055 eorum,
1387 1951 1459 2059 qui
1481 1946 1628 2028 studiis

249 2095 360 2148 nunc
377 2071 422 2148 in
440 2071 583 2150 harum
596 2075 900 2154 Provinciarum
917 2071 1147 2164 Academiis
1161 2089 1398 2181 operantur,
1412 2075 1457 2148 in
1470 2068 1626 2150 Scholia

253 2188 520 2272 inferioribus
530 2221 600 2274 eos
610 2193 747 2276 secisse
756 2197 801 2276 in
818 2196 963 2276 Litoris
973 2223 1226 2304 progressus,
1244 2195 1315 2299 qui
1336 2192 1387 2267 ad
1398 2191 1629 2268 adcuratam

248 2307 328 2387 sibi
360 2323 400 2386 et
428 2307 598 2384 solidam
626 2320 853 2385 doctrinam
885 2309 1198 2414 comparandam
1226 2327 1322 2389 sunt
1347 2313 1557 2391 necessarii
1588 2327 1628 2390 et

247 2428 409 2534 legibus
435 2429 584 2508 nostris
611 2427 654 2506 in
681 2446 890 2538 posterum
913 2456 1051 2508 severe
1074 2430 1301 2536 exiguntur.

305 2674 438 2784 Atque
456 2673 510 2752 ita
529 2698 768 2782 persuasum
786 2672 981 2753 habentes
998 2672 1049 2753 ad
1065 2675 1228 2781 praemia
1245 2675 1331 2784 ipsa
1349 2675 1629 2776 distribuenda

248 2794 556 2908 progredimur,
586 2824 719 2905 neque
752 2798 1068 2897 extimescimus,
1099 2825 1152 2875 ne
1185 2799 1295 2906 apud
1320 2797 1561 2880 eruditiores
1584 2803 1628 2877 in

249 2919 385 2999 nimiae
404 2917 666 3027 indulgentiae
680 2916 1037 3027 reprehensionem
1055 2919 1319 2999 incurramus.
1335 2921 1501 3029 lpsimet
1519 2923 1630 3002 enirn

250 3042 371 3151 probi
389 3060 429 3124 et
442 3044 608 3149 ingenui
625 3040 928 3141 Adulescentes,
942 3067 1120 3148 quorum
1133 3041 1442 3122 Dissertationes
1453 3033 1629 3150 praemiis

250 3162 443 3248 duximus
470 3192 555 3246 esse
579 3160 800 3263 ornandas,
821 3163 976 3269 optime
999 3164 1204 3264 sentiunt,
1224 3166 1367 3272 quanti
1393 3166 1491 3271 ipsis
1516 3165 1629 3242 labo-

36 3304 38 3311 '
166 3332 171 3341 ·
251 3312 317 3371 res
337 3279 572 3363 exantlandi
594 3298 766 3385 restent,
792 3300 840 3361 ut
864 3284 985 3388 Regis
1006 3276 1300 3393 ‘Sapientissimi
1330 3286 1435 3363 votis
1460 3286 1628 3365 omniuo

252 3401 534 3515 respondeant
565 3404 805 3509 Intelligunt
830 3406 933 3513 ipsi,
952 3432 995 3485 se
1014 3408 1150 3486 minus
1177 3406 1370 3486 doctrinae
1394 3432 1630 3487 remunera·

253 3530 408 3609 tionem
428 3527 611 3636 accipere
627 3553 749 3635 quarn
769 3524 990 3633 diligentiae
1012 3543 1054 3606 et
1070 3527 1312 3609 assiduitatis
1336 3529 1386 3605 in·
1401 3528 1629 3607 Literarum

253 3648 398 3731 nudis
422 3647 641 3729 collocatae.

228 4004 229 4009 Ν
308 3914 500 3991 Attamen
526 3910 778 3991 diversarum
808 3909 1015 3990 Ordinum
1039 3910 1141 3989 nlius
1167 3909 1260 3989 alio»
1283 3908 1439 3988 felicior
1470 3910 1629 3989 exstitit.

257 4031 373 4114 Ordo
411 4032 660 4113 Medicorum
696 4033 831 4141 pluras
860 4035 1014 4143 aceepit
1039 4033 1432 4134 commentationes,
1458 4057 1631 4141 quorun

257 4174 440 4241 auctores
470 4172 511 4236 et
539 4156 747 4262 ingenium
772 4155 956 4266 produnt
980 4173 1021 4237 et
1047 4155 1290 4236 industriam
1316 4154 1424 4235 haud
1450 4165 1632 4235 oontem-

258 4278 436 4363 nendam
449 4296 514 4377 tat
531 4278 783 4361 desideratur
800 4283 844 4359 in
862 4282 912 4360 iis
927 4282 1155 4380 maturitas,
1171 4276 1489 4387 deprehenditur
1508 4280 1634 4358 nimis

260 4402 755 4513 festinatio,qudspatium
765 4400 1051 4483 Academicum
1062 4428 1299 4509 percurrere
1312 4400 1634 4481 voluisseauato

262 4554 325 4609 res
342 4526 551 4632 videntur,
568 4524 759 4633 neglectis
771 4522 1080 4632 Philosophicis,
1095 4522 1275 4630 Physicis
1290 4541 1331 4605 et
1344 4523 1634 4606 Mathematicis

1211 4662 1217 4673 '
1366 4690 1370 4701 ·
1428 4647 1461 4717 t.
