4509 5875
618 651 640 722 8
852 655 1093 727 ⁶01mess
1116 653 1217 725 CAR.
1242 655 1358 724 vtcr.
1381 657 1479 727 VAN
1498 659 1595 730 nm
1618 659 1739 732 olm

615 841 773 947 singulo
799 838 984 919 tradendi
1012 840 1137 920 modo
1169 842 1413 950 singularem
1441 797 1720 928 definitionem
1745 847 1831 929 dari
1856 875 1978 958 posse.

615 963 733 1044 Unde
760 957 925 1040 traditio
956 988 1093 1042 rerum
1122 964 1338 1044 mobilium
1360 965 1581 1050 delinitur:
1603 969 1655 1047 de
1677 999 1805 1050 manu
1827 975 1872 1052 in
1891 999 1980 1050 mo·

614 1109 712 1162 rrum
731 1079 860 1176 dotto,
876 1081 1149 1165 immobilium
1169 1085 1361 1167 definitur
1376 1115 1389 1192 ‚z
1408 1091 1452 1167 r'rr
1462 1087 1643 1187 fundum
1662 1090 1836 1171 inductio
1855 1095 1926 1199 (r).

665 1275 745 1356 Sed
764 1278 917 1383 egimus
942 1277 1023 1358 huc
1048 1305 1178 1390 usque
1205 1278 1256 1360 de
1277 1280 1372 1361 veri
1391 1298 1432 1360 et
1451 1282 1622 1372 naturali
1643 1282 1873 1368 traditione
1898 1281 1986 1363 Cae·
2043 1359 2047 1364 Δ

610 1415 744 1482 terum
763 1402 797 1479 si
823 1402 865 1482 in
894 1403 1050 1484 cunctis
1075 1403 1168 1482 ritae
1185 1402 1358 1506 negotiis
1383 1430 1477 1482 vera
1500 1422 1542 1485 et
1565 1403 1756 1486 naturalis
1780 1407 1840 1484 rei
1860 1430 1985 1514 praes·

612 1524 709 1600 tatio
733 1549 863 1632 usque
893 1524 1138 1602 intervenire
1166 1548 1244 1628 pro
1269 1519 1487 1601 traditione
1513 1524 1697 1621 deheret3
1724 1528 1869 1632 saepius
1892 1527 1986 1606 inu-

612 1642 673 1724 tili
693 1644 867 1722 circuitu
884 1669 988 1749 opus
1004 1658 1122 1740 esset,
1142 1657 1189 1720 ut
1206 1639 1259 1722 ad
1277 1640 1401 1720 finem
1418 1642 1675 1746 propositum
1692 1647 1987 1746 perveniretur.

610 1763 722 1868 Ergo
751 1761 1047 1844 commoditatis
1072 1764 1218 1870 gratid,
1246 1789 1296 1840 ex
1315 1759 1477 1869 publici
1504 1759 1676 1839 utilitate
1703 1759 1809 1866 leges
1834 1761 1985 1869 permi.

609 1901 766 1980 serunt,
787 1901 833 1964 ut
856 1882 1075 1994 aliquando
1102 1883 1267 1966 traditio
1295 1909 1389 1962 vera
1416 1899 1459 1964 et
1479 1882 1674 1964 naturalis
1703 1909 1789 1964 non
1815 1885 1986 1964 interve·

609 2006 740 2100 niret3
768 2003 838 2084 sed
862 2006 1125 2092 intervenisse
1152 2005 1391 2113 fingeretur,
1420 2035 1516 2088 cum
1541 2007 1682 2086 reveri
1704 2033 1790 2086 non
1806 2008 1984 2088 interve·

610 2127 741 2220 norit,
774 2140 844 2203 aut
866 2127 967 2205 ,nott
995 2128 1079 2206 sive
1110 2129 1299 2228 symbolo
1329 2131 1415 2210 sive
1446 2146 1538 2209 actu
1565 2127 1744 2235 quodam
1781 2126 1992 2234 corporali,

610 2251 971 2354 representaretur.
997 2243 1102 2320 Hinc
1136 2259 1235 2320 ortae
1263 2242 1502 2337 traditiones
1520 2246 1638 2347 fiotoe
1665 2261 1706 2324 et
1733 2248 1979 2352 symbolice,

611 2392 865 2477 nequaquam
888 2361 1183 2444 confundendae
1204 2363 1383 2469 (a),cum
1400 2366 1446 2442 in
1466 2364 1531 2443 his
1553 2363 1703 2448 factum
1723 2367 1888 2476 aliquod
1915 2396 1985 2448 ex·

607 2505 772 2575 ternum
803 2487 890 2568 vice
920 2484 1151 2566 traditionis
1177 2484 1351 2592 fungens
1381 2489 1631 2598 requiratur,
1655 2489 1699 2566 in
1729 2488 1809 2568 illis
1831 2488 1982 2581 factum

612 2609 770 2698 nullum
779 2607 1017 2692 adhibeatur
1030 2607 1143 2720 quod
1154 2607 1414 2690 traditionem
1423 2627 1696 2720 repraesentet,
1706 2609 1778 2692 sed
1786 2613 1979 2720 ipsavera

611 2749 652 2812 et
661 2732 850 2816 naturalis
861 2729 1135 2832 traditiucuru
1143 2731 1283 2817 reveri
1291 2759 1376 2813 non
1385 2732 1641 2834 adsitadesse
1650 2751 1786 2814 tamen
1794 2733 1976 2844 fingatur.

623 2927 626 2936 ⁴
665 2908 912 2989 Traditionis
928 2907 1151 3015 syrnbolt'coe
1166 2912 1281 3017 (quae
1297 2912 1354 2986 sic
1371 2909 1531 2991 definiri
1541 2929 1697 3021 potest:
1715 2915 1775 2993 rei
1792 2913 1849 2992 ab
1862 2913 1984 2992 unius

605 3046 804 3141 potestate
831 3033 874 3110 r'rr
891 3046 1132 3139 potestatem
1160 3030 1321 3107 alterum
1350 3032 1559 3109 translatio
1578 3018 1654 3137 per
1683 3054 1846 3123 notant,
1880 3062 1986 3135 sym·

612 3154 747 3239 totum
774 3173 850 3235 aut
872 3172 1010 3235 actum
1031 3152 1209 3260 olr'qwm
1231 3151 1496 3260 corporalem,
1529 3148 1754 3231 tradrtronis
1779 3155 1869 3229 vice
1882 3156 1983 3255 furr-

608 3278 792 3383 gentem)
811 3278 1059 3357 iustinianus
1087 3275 1317 3384 exemplum
1344 3272 1468 3353 refert
1484 3273 1589 3372 ·in§
1618 3270 1670 3370 45
1700 3274 1797 3353 Inst.
1826 3272 1878 3353 de
1906 3301 1982 3354 rer.

616 3395 717 3502 diu,
740 3400 774 3478 si
801 3400 1004 3479 mercibus
1022 3416 1135 3479 certo
1154 3398 1245 3477 loco
1275 3397 1500 3493 conclusis,
1527 3422 1627 3508 quas
1663 3394 1854 3475 dominus
1885 3397 1985 3476 mihi

614 3520 771 3603 trudere
805 3522 921 3621 velit,
952 3522 1081 3602 claves
1110 3519 1198 3631 ejus
1221 3519 1301 3599 loci
1329 3518 1431 3598 mihi
1464 3518 1683 3601 nudantur.
1714 3518 1820 3598 Sunt
1848 3536 1983 3602 autem

616 3642 736 3750 hujus
757 3650 913 3751 generis
927 3663 968 3727 et
985 3645 1071 3726 aliae
1088 3646 1257 3753 species,
1275 3641 1402 3724 veluti
1420 3639 1584 3721 traditio
1600 3641 1877 3738 instrumenti,
1897 3666 1981 3750 quo

616 3762 765 3843 tradito
795 3796 859 3848 res
885 3775 973 3876 ipsa
995 3767 1045 3849 de
1067 3769 1148 3879 qud
1166 3765 1374 3847 alienandi
1394 3768 1438 3845 in
1466 3791 1516 3844 eo
1536 3763 1684 3871 agitur,
1704 3761 1850 3843 tradita
1863 3762 1985 3843 intel·

618 3883 767 3993 ligitur.
798 3888 840 3963 L.
875 3915 890 3964 1
929 3887 1028 3965 Cod.
1066 3888 1122 3972 de,
1158 3886 1302 3969 donat.
1331 3886 1528 3965 Trebium
1563 3903 1605 3965 et
1637 3887 1842 3993 tignorum
1875 3884 1985 3965 obsi·

618 4007 753 4115 gnatio
773 4033 850 4115 pro
882 4030 1024 4085 eorum
1050 4002 1267 4090 traditione
1288 4009 1401 4092 valet
1425 4010 1468 4088 L
1496 4010 1611 4109 rd,§
1639 4038 1652 4089 1
1676 4006 1716 4089 ff.
1736 4008 1788 4089 de
1805 4006 1986 4115 periculo

664 4198 713 4289 (r)
732 4201 773 4269 V.
786 4201 913 4269 nonu.
931 4196 973 4266 ad
991 4200 1068 4265 lust.
1080 4196 1103 4265 l.
1120 4217 1155 4273 a,
1171 4197 1221 4262 tit.
1238 4218 1272 4276 r,
1287 4196 1331 4262 de
1343 4196 1533 4265 traditione.
1546 4200 1650 4270 Vom.
1666 4200 1709 4267 ad
1728 4200 1829 4269 Pand.
1847 4200 1906 4267 tit.
1928 4202 1986 4281 dr,

621 4304 1016 4515 mldllllosiaddnlundant
1025 4432 1078 4481 eas
1087 4410 1180 4480 Voss
1190 4409 1233 4479 nd
1245 4406 1347 4478 Pand.
1362 4406 1420 4479 lib.
1434 4410 1488 4495 41,
1501 4413 1551 4482 tit.
1566 4435 1593 4498 r,
1605 4426 1646 4480 n⁰
1662 4413 1805 4494 itetlie
1815 4412 1985 4481 Fmrtn

621 4519 662 4587 ad
680 4523 754 4588 lust
772 4516 928 4607 idemque
946 4518 989 4585 ad
1006 4520 1108 4591 rant.
1126 4519 1169 4589 de
1183 4522 1221 4587 Δ.
1236 4520 1276 4587 ll.
1290 4520 1329 4585 D.

2201 3812 2212 4000 l
