4509 5875
666 681 707 760 14
892 674 1137 748 GUlLlELllll
1160 671 1261 744 CAR.
1287 673 1405 748 ulcr.
1428 673 1525 747 VAN
1548 675 1642 744 nau
1666 675 1786 745 natu

663 871 710 936 ιιι
736 851 953 933 traditione
983 879 1086 961 opus
1118 855 1172 933 sit
1198 847 1252 932 ad
1281 851 1605 935 amalerendum
1636 851 1863 933 dominium
1890 855 2021 960 potius

659 1001 781 1087 qnam
809 976 888 1053 alio
918 1001 1003 1086 quo
1030 973 1156 1056 velint
1185 1003 1360 1085 cumque
1389 975 1669 1056 contrahentes
1696 977 1757 1055 uti
1780 976 1917 1082 signo,
1943 974 2020 1054 hoc

662 1098 752 1206 jure
784 1097 910 1199 civili,
938 1121 1023 1174 non
1060 1095 1233 1176 naturali
1264 1093 1541 1176 introductum
1571 1096 1718 1176 merito
1750 1094 1909 1193 dicimr.
1943 1095 2023 1177 Sed

659 1218 857 1329 objiciunt
877 1219 1008 1316 varia,
1030 1232 1071 1296 ct
1094 1216 1260 1326 quidem
1286 1236 1328 1296 1⁰
1342 1217 1429 1324 ipsa
1445 1218 1659 1298 lastiniani
1679 1215 1732 1297 ad
1756 1221 1784 1317 §
1811 1217 1909 1313 Ao·
1928 1215 2023 1296 lust.

658 1341 709 1419 de
740 1367 814 1420 rer.
842 1339 920 1421 div.
951 1337 1074 1420 verba
1101 1337 1183 1419 laoec
1204 1367 1215 1418 τ
1226 1367 1303 1450 per
1325 1338 1583 1420 tmditionem
1608 1367 1768 1450 quoque
1781 1341 1879 1448 jure
1909 1357 2023 1428 natas

653 1461 736 1542 rat·
764 1491 824 1542 res
850 1464 960 1542 nobis
978 1461 1259 1570 adqnimmur.
1284 1447 1366 1541 'sed
1389 1461 1491 1568 quid
1512 1463 1635 1544 inde?
1651 1462 1913 1544 traditionem
1931 1459 2021 1567 jure

654 1583 825 1662 naturali
847 1583 898 1663 ad
926 1579 1251 1662 transferendum
1276 1578 1506 1659 dominium
1526 1581 1713 1688 requiri?
1733 1582 1806 1662 aa
1821 1605 1909 1658 non
1930 1600 2022 1658 eam

655 1701 774 1794 luisse
809 1719 986 1807 mentem
1007 1701 1279 1810 imperatoris,
1296 1725 1346 1780 ex
1362 1697 1498 1782 verbis
1517 1698 1784 1809 sequentibus
1803 1697 2024 1781 admodum

654 1838 791 1928 patet,
830 1822 901 1904 sed
942 1824 1020 1903 alio
1054 1823 1189 1930 ipsum
1221 1823 1469 1930 respexisse,
1501 1847 1649 1930 nempe
1692 1820 1744 1902 ad
1777 1819 2024 1900 voluntatem

656 1943 812 2022 domini
830 1945 1002 2025 volentis
1029 1971 1115 2024 rem
1136 1973 1249 2024 suam
1272 1943 1518 2024 transferri
1506 1973 1549 2024 ιιι
1571 1945 1722 2046 alium,
1745 1971 1869 2054 quam
1898 1961 2024 2022 ratam

653 2061 813 2163 haberi,
803 2065 1055 2263 ,nbidde
1015 2093 1061 2147 ea
1082 2095 1156 2176 per
1173 2063 1434 2148 traditionem
1452 2083 1623 2171 constat,
1644 2067 1813 2176 aequitas
1834 2063 2024 2144 naturalis

654 2185 828 2265 maxime
843 2211 912 2264 sua
943 2202 983 2266 et

707 2408 919 2514 objiciunt
945 2423 1012 2506 ιθ,
1044 2406 1274 2487 dominium
1299 2408 1580 2490 consisterem
1611 2406 1739 2488 libera
1765 2409 1826 2486 rei
1856 2406 2023 2516 disposi-

653 2526 780 2627 tione,
811 2531 925 2640 atqui
949 2529 1004 2610 de
1032 2555 1076 2608 re
1109 2529 1237 2608 libere
1259 2529 1419 2636 disponi
1446 2555 1529 2608 non
1554 2555 1695 2638 posse,
1721 2529 1799 2606 nisi
1828 2556 1873 2607 ea
1899 2527 2021 2608 tradi·

652 2651 764 2731 tione
789 2653 974 2760 potestati
1003 2652 1248 2761 acquirentis
1274 2649 1519 2758 subjiciatur.
1546 2650 1628 2730 Sed
1652 2649 1936 2755 distinguimus
1955 2649 2020 2757 jus

652 2787 692 2850 et
717 2772 943 2852 facultatem
961 2769 1224 2879 disponendi;
1258 2772 1407 2881 injure
1429 2773 1658 2853 dominium
1678 2773 1880 2868 consistit;
1903 2771 2021 2852 facul·

654 2909 714 2973 tas
741 2909 875 2972 autem
903 2894 1162 2997 essentialiter
1190 2893 1326 2971 adesse
1348 2921 1432 2974 non
1457 2894 1601 2994 dehet3
1632 2920 1727 2975 nam
1750 2895 1841 3005 jure
1869 2894 2026 2977 domini

653 3014 798 3117 gaudet
827 3012 893 3089 oui
922 3022 1057 3089 tamen
1089 3004 1254 3090 aliunde
1282 3010 1475 3116 impedita
1506 3034 1567 3095 est
1593 3020 1654 3099 rei
1680 3046 1762 3123 suae
1788 3018 2026 3129 dispositio,

598 3154 601 3165 '
656 3147 703 3212 ιιι
719 3130 787 3210 ille
817 3130 929 3238 cujus
955 3156 1043 3208 rem
1069 3127 1135 3209 fur
1160 3128 1334 3283 abstulit.

705 3338 959 3421 Contrarium
974 3364 1141 3449 quoque
1158 3337 1398 3419 sententiam
1406 3336 1578 3421 Virrius
1594 3340 1654 3447 (1)
1666 3340 1942 3450 amplectitur,
1953 3344 2023 3425 sed

654 3488 748 3543 eum
776 3488 942 3572 qmque
970 3462 1180 3543 inerrare
1212 3462 1383 3560 versari,
1409 3464 1595 3571 ιιιιιιιιιιι
1626 3490 1742 3544 error
1771 3466 1850 3575 ipsi
1887 3466 2023 3547 insoli-

653 3598 718 3663 tus
742 3584 809 3686 sit,
837 3586 1118 3665 existimamus.
1149 3584 1253 3663 Nam
1277 3582 1391 3694 quod
1411 3586 1488 3683 ait,
1509 3585 1713 3665 neminem
1728 3587 1819 3694 jure
1840 3591 2020 3693 gentium

641 3708 757 3806 facto
786 3736 856 3788 sao
879 3709 1102 3817 acquirere,
1128 3707 1206 3786 nisi
1232 3706 1346 3815 eujus
1373 3710 1557 3815 potestati
1584 3734 1647 3788 res
1666 3706 1842 3817 subjecta
1860 3726 1936 3812 est,
1957 3736 2021 3791 ve.

655 3850 746 3909 rum
766 3854 850 3913 csse
861 3831 1131 3927 affirmamua
1142 3828 1220 3911 sed
1237 3828 1333 3909 inde
1350 3830 1453 3910 nihil
1474 3831 1608 3943 quoad
1623 3830 1726 3911 hanc
1741 3857 1863 3944 quam
1878 3848 2020 3913 macta·

656 3976 764 4089 mus,
785 3952 1045 4063 quaestionem
1068 3954 1184 4062 sequi
1212 3954 1465 4035 sustinemus.
1488 3956 1643 4035 Verum
1664 3971 1740 4057 est,
1752 3954 1885 4095 ‹pnod
1904 3954 2020 4052 dicit,

655 4071 825 4152 maxime
844 4098 1006 4174 verum,
1025 4073 1229 4151 neminem
1248 4073 1350 4155 facto
1372 4105 1446 4157 suo
1469 4078 1699 4188 acquirere,
1720 4077 1797 4157 nisi
1817 4075 1930 4185 cnjus
1947 4104 2020 4185 po·

656 4192 787 4267 testati
805 4217 868 4271 res
887 4192 1084 4305 subjecta
1082 4209 1161 4295 est,
1176 4197 1381 4276 neminem
1384 4200 1686 4341 occupatione,
1704 4198 1782 4280 nisi
1804 4226 1892 4279 rem
1903 4226 2019 4278 occu-

638 4308 824 4423 parem,
854 4320 1056 4399 neminem
1085 4316 1323 4442 traditione,
1351 4320 1431 4403 nisi
1464 4324 1529 4405 cui
1560 4351 1624 4407 res
1653 4320 1797 4405 tradita
1829 4339 1916 4418 est;
1947 4316 2018 4402 sed

698 4522 746 4615 (ι)
718 4520 1052 4593 rvrrsmsadlnst.
1066 4528 1123 4596 lib.
1141 4553 1174 4609 a,
1190 4532 1237 4597 tir.
1258 4554 1273 4597 ι
1283 4535 1386 4613 ,·.ς40
