4509 5875
535 686 822 774 RESPONSIO
844 685 916 759 AD
939 684 1126 775 QUAEsT.
1153 676 1446 761 entslcttt
1610 706 1654 767 ,αι

291 862 470 967 rabitur,
488 890 541 943 an
556 864 622 946 lex
637 892 689 946 ca
706 884 857 969 natusne
874 883 1138 953 consentanea
1157 867 1210 946 sit
1228 894 1304 949 nec
1320 893 1384 947 nc.
1406 864 1472 975 Sic
1489 863 1662 952 Newton

290 985 378 1091 ipse
392 987 668 1091 gmvitationis
684 987 814 1092 legem
827 989 993 1092 detexit,
1001 1007 1049 1069 ut
1062 988 1185 1067 refert
1198 1014 1394 1096 aequoevus
1406 985 1659 1077 Petnberton,

344 1159 451 1239 Cum
461 1157 634 1239 Newton
645 1184 753 1236 anno
767 1158 867 1241 1666
881 1176 1035 1265 pestem
1052 1158 1213 1263 fugiens
1228 1161 1314 1235 ruri
1327 1158 1511 1262 degeret,
1526 1152 1569 1239 et
1588 1158 1662 1239 ob·

291 1295 468 1358 servaret
489 1281 626 1357 omnia
647 1306 819 1385 corpora
838 1278 1041 1358 terrestria
1056 1304 1198 1359 versus
1213 1293 1331 1357 terme
1348 1295 1532 1358 centrum
1550 1280 1663 1377 ferri,

288 1398 616 1507 perspiceretque
635 1398 775 1478 lunam
795 1401 840 1478 in
860 1400 991 1507 ellipsi
1006 1400 1110 1479 circa
1123 1416 1244 1481 terrae
1262 1416 1447 1480 centrum
1465 1400 1560 1479 ferri
1579 1426 1665 1479 non

196 1513 199 1534 ¹
288 1545 426 1626 posse,
446 1521 524 1598 nisi
546 1537 649 1597 esset
672 1518 855 1629 quaedam
871 1521 933 1598 vis
945 1580 956 1617 ,
970 1545 1067 1628 quae
1086 1546 1175 1598 eam
1200 1523 1346 1628 quovis
1363 1524 1558 1629 temporis
1577 1547 1666 1598 mo-

289 1656 431 1717 mento
451 1668 475 1717 a
494 1638 602 1717 lineh
629 1641 737 1719 recti
758 1667 882 1750 quam
901 1641 1036 1719 omnia
1064 1666 1234 1746 corpora
1256 1656 1353 1718 nota
1381 1667 1455 1747 per
1478 1642 1666 1719 inertiam

289 1758 999 1868 sequuntur,adterramretraheret;
1016 1759 1275 1867 hypothetice
1293 1762 1445 1859 statuit,
1465 1760 1547 1841 hese
1565 1762 1666 1870 phae·

290 1908 467 1959 nomena
489 1909 538 1960 cx
556 1880 697 1960 eidem
715 1882 755 1961 vi
775 1878 972 1989 pendere,
993 1879 1234 1991 easdemque
1252 1879 1360 1985 leges
1380 1908 1548 1962 servare.

336 2071 502 2153 Calculo
511 2072 660 2153 deinde
669 2072 854 2154 instituto
863 2099 957 2153 cum
970 2075 1168 2182 reperiret
1181 2071 1404 2171 timinam,
1418 2072 1500 2182 quei
1509 2072 1606 2151 lune
1615 2072 1668 2153 ad

292 2209 444 2283 terrem
461 2194 991 2291 adtraheretur‚multoesse
1004 2197 1206 2277 minorem
1220 2220 1345 2304 quum
1362 2194 1474 2274 illam
1487 2194 1666 2303 quicorss

295 2341 374 2423 pus
390 2316 538 2395 cadens
557 2316 609 2395 nd
631 2334 782 2395 terram
802 2315 976 2412 iemmr3
997 2317 1255 2422 hypothetice
1282 2318 1421 2396 statuit
1444 2317 1527 2415 vim
1558 2315 1668 2394 illam

293 2436 417 2517 talem
436 2465 542 2536 esse,
560 2455 608 2517 ut
623 2465 701 2546 pro
724 2434 913 2533 dismntih
935 2436 1077 2545 mojori
1098 2439 1350 2519 minueretur
1375 2439 1421 2539 in
1446 2438 1492 2517 eh
1510 2438 1664 2543 ratione
1790 2520 1793 2528 Δ

291 2558 379 2665 qui
399 2576 584 2642 crescunt
602 2557 797 2667 qtndmte
815 2556 1103 2639 munuum.

293 2742 297 2747 ’
350 2752 455 2831 Cum
481 2768 615 2831 eutem
638 2750 683 2829 in
712 2749 827 2830 libris
855 2750 1061 2859 sejunctus
1087 2767 1191 2830 esset
1217 2768 1258 2830 et
1273 2750 1385 2861 juxta
1410 2774 1669 2831 communem

295 2890 393 2953 tunc
411 2874 605 2984 temporis
624 2873 859 2980 opinionem
877 2870 1047 2978 gradum
1067 2869 1279 2954 meridiani
1300 2870 1498 2954 terrestris
1517 2899 1668 2983 suppo-

296 3008 414 3073 neret
432 2987 627 3096 aequalem
646 2992 698 3066 60
717 2991 912 3071 milliariis
923 2993 1120 3092 Anglicis3
1140 2993 1399 3095 hypothesim
1414 3021 1527 3075 suam
1539 2997 1669 3076 motui

298 3115 405 3194 lunae
437 3109 688 3192 conformem
713 3135 798 3188 non
822 3106 999 3211 invenit,
1028 3134 1199 3218 eamque
1222 3136 1307 3188 non
1334 3115 1513 3219 aperuit,
1540 3112 1671 3198 donec

298 3255 392 3349 post
408 3235 546 3338 decem
571 3259 773 3322 annorum
794 3226 951 3339 lapsum
968 3257 1040 3338 per
1064 3231 1351 3310 mensioneme
1368 3231 1511 3312 Picard
1529 3231 1672 3320 factam

297 3361 590 3455 innotesceret,
616 3353 789 3461 gradum
809 3351 1022 3434 meridiani
1045 3378 1131 3432 non
1154 3353 1207 3434 60
1225 3352 1297 3432 sed
1315 3353 1367 3462 69
1393 3356 1450 3446 1l2
1475 3355 1672 3439 milliariis

300 3480 478 3584 Anglicis
489 3477 686 3588 aequalem
703 3502 805 3573 esse,
824 3491 864 3554 et
878 3474 1049 3584 repetito
1064 3473 1216 3555 calculo
1235 3478 1496 3584 comperisset
1513 3495 1674 3558 motum

300 3594 407 3682 lunae
433 3599 650 3709 hypothesi
677 3597 845 3680 omnino
866 3594 1118 3677 conformem
1138 3623 1233 3677 esse.

353 3790 516 3904 Duplex
537 3791 601 3871 vir
626 3787 865 3870 immortalis
890 3782 1133 3871 imitandum
1156 3789 1329 3896 posteris
1350 3785 1516 3900 reliquit
1536 3747 1671 3872 erem·

302 3914 417 4024 pium
1005 3944 1009 3954 ·

297 4073 299 4077 ’
363 4087 416 4148 1⁰.
445 4068 711 4177 Hypothesim
738 4093 854 4149 suam
881 4095 966 4148 non
996 4070 1109 4178 prius
1138 4066 1308 4176 protulit
1332 4068 1376 4146 in
1400 4066 1532 4160 lucem
1551 4095 1672 4178 quam

305 4217 393 4304 eam
401 4191 618 4270 invenisset
629 4189 903 4298 phaenomenis
916 4206 1050 4273 exacoe
1062 4188 1324 4273 conformem.

358 4385 416 4465 2⁰.
426 4382 537 4464 Nihil
547 4380 744 4475 statuitdc
753 4410 815 4483 eo,
825 4384 877 4463 de
890 4392 975 4493 quo
986 4383 1248 4490 phaenomena
1261 4377 1668 4482 nihfltesuntm·‚n0n

304 4505 563 4588 enimomnia
575 4504 806 4601 revelantur
823 4507 868 4586 in
882 4505 1061 4612 physicis
1074 4530 1148 4613 per
1161 4501 1435 4612 phoenomena.
1448 4507 1668 4613 Experiere
