4509 5875
632 736 676 783 υ
1029 710 1199 783 csuosr
1223 708 1413 781 sucnun
1438 706 1608 777 runnnr
1687 793 1693 809 ⁸

629 918 791 991 means,
808 914 917 971 nunc
939 890 985 969 in
1003 890 1148 969 multos
1166 888 1460 997 septentriones
1479 884 1647 991 effusus,
1668 884 1894 997 iterumque
1907 914 1994 967 auc·

629 1030 716 1114 tus,
734 1039 885 1093 nomen
905 1014 1061 1095 Mam
1073 1015 1181 1119 (post
1199 1010 1437 1091 hodiernum
1455 1009 1595 1087 Bredae
1607 1006 1769 1111 urbem,
1789 1036 1879 1121 quae
1890 1009 1989 1089 forte

628 1134 683 1215 ab
709 1162 758 1215 eo
786 1160 953 1239 nomen,
982 1132 1119 1213 breede
1135 1136 1229 1226 Aa,
1257 1134 1399 1214 sortita
1421 1131 1500 1233 est)
1526 1129 1706 1227 obtinet,
1724 1148 1844 1241 atque
1867 1160 1998 1241 prope

627 1256 916 1365 Stenobergsm
936 1284 982 1338 sc
1006 1258 1126 1337 Mose
1146 1257 1247 1337 nstin
1271 1256 1314 1335 in
1332 1254 1435 1335 lunc
1454 1254 1583 1333 irruit.

677 1450 834 1529 Dresus
865 1450 923 1555 (h.
952 1452 1072 1527 Diese
1102 1478 1131 1525 s.
1159 1446 1332 1547 Deeze),
1362 1472 1485 1553 quem
1519 1447 1652 1523 rivum
1683 1444 1997 1525 Gnicciardinus

625 1569 728 1648 male
747 1568 937 1647 eumdem
965 1595 1059 1647 cum
1081 1564 1303 1645 Duthmola
1325 1592 1409 1643 esse
1431 1583 1545 1672 putat
1567 1566 1644 1671 (1);
1668 1582 1804 1669 ortum
1831 1566 1943 1648 ducit
1972 1596 1996 1646 e

625 1686 862 1771 'Faxsndriae
893 1691 1068 1799 propriae
1089 1704 1207 1799 parte
1232 1684 1508 1791 meridionali,
1524 1686 1726 1799 simulque
1756 1716 1849 1766 cum
1867 1688 1999 1769 nuth-

627 1814 751 1917 moli‚
774 1841 867 1893 cum
890 1813 969 1923 qui
988 1811 1095 1921 apud
1116 1808 1283 1892 Busloth
1300 1808 1506 1920 jungitur,
1528 1810 1573 1889 in
1599 1810 1755 1891 Mosam
1777 1810 1994 1895 deseendit.

677 2004 812 2099 mnu,
842 2006 973 2111 Dyla,
1009 2004 1124 2086 Tulle
1151 2004 1208 2112 (h.
1229 1994 1357 2111 'Dyle)
1384 2003 1687 2085 Brachbntensis
1713 2002 1860 2083 fluvius
1884 2030 1906 2083 e
1930 2032 1998 2083 va-

624 2126 695 2205 riis
718 2128 973 2206 Lomncensis
990 2128 1080 2235 pagi
1099 2124 1240 2205 rivulis
1266 2142 1396 2228 ortus,
1414 2126 1550 2233 plures
1570 2152 1694 2234 pagos
1711 2124 1843 2229 alluit,
1863 2128 1999 2207 Lora·

604 2250 760 2355 mnium,
779 2246 1096 2358 Machliniasqne
1117 2247 1349 2355 perlabens,
1369 2272 1488 2327 eursu
1508 2251 1685 2356 primum
1703 2274 1842 2327 versus
1861 2264 1999 2327 ortum

627 2386 669 2448 et
692 2368 862 2449 boreum
883 2368 1055 2473 directo,
1072 2396 1170 2449 mox
1197 2371 1241 2449 in
1265 2396 1450 2450 occasum
1474 2386 1666 2473 retracto,
1690 2370 1823 2450 Nithae
1843 2368 1882 2457 fl.
1908 2396 2000 2449 suas

625 2491 777 2571 miseet'
793 2494 931 2575 undas.

675 2683 828 2787 Dunga
856 2684 916 2789 (h.
943 2685 1107 2789 Donge)
1131 2684 1320 2765 fluviolus
1352 2700 1432 2783 est,
1460 2685 1532 2794 qni
1566 2683 1720 2765 directo
1749 2686 1795 2762 in
1825 2682 1996 2762 boream

625 2830 744 2886 cursu
774 2802 885 2911 apud
909 2805 1257 2893 Mortem-littoris
1282 2808 1404 2905 Mosaej
1427 2808 1626 2909 misectur.

676 2993 901 3074 Dutlunola
919 2992 977 3098 (h.
995 2989 1203 3092 Dommel)
1228 3017 1250 3067 e
1273 2987 1479 3097 paludosis
1499 2989 1735 3069 Taxandriae
1759 2993 1997 3098 regionibus

627 3131 732 3215 orta,
751 3114 950 3220 Digenum
971 3111 1079 3220 apud
1096 3109 1265 3190 anloth
1284 3127 1325 3190 et
1339 3112 1413 3190 Aa
1430 3109 1468 3189 fl.
1490 3110 1598 3219 apud
1616 3113 1809 3192 Ortinum
1829 3118 1996 3224 excipit,

627 3265 673 3316 se
698 3239 742 3316 in
765 3237 920 3317 Mosam
948 3235 1074 3314 volvit
1100 3233 1241 3314 undas.

678 3443 830 3544 Hane,
856 3443 1032 3547 Hagno,
1061 3442 1208 3519 Haina
1233 3440 1291 3548 (h.
1322 3440 1358 3520 la
1382 3439 1533 3544 Haine)
1562 3440 1767 3543 fluviolus,
1794 3447 1867 3551 qui
1897 3446 1991 3524 Hai-

625 3567 766 3646 noinsi
788 3591 892 3672 pago
924 3589 1076 3642 nomen
1103 3560 1238 3665 dedit,
1266 3564 1310 3642 in
1342 3589 1426 3672 qno
1460 3563 1579 3642 etiam
1604 3579 1737 3642 totum
1765 3567 1845 3644 iter
1871 3595 1989 3646 suurn

625 3688 806 3791 conlinit,
825 3713 899 3796 per
915 3684 1193 3766 Wnldrinonm
1211 3703 1252 3766 et
1264 3687 1422 3766 Montes
1435 3687 1657 3766 Hannonioe
1669 3685 1988 3795 perfluit‚donec

625 3836 755 3917 prope
777 3808 1006 3889 Condntum
1028 3799 1160 3890 Scaldi
1181 3809 1373 3918 jungitur.

677 4005 834 4114 Heloro
859 4005 917 4112 (h.
948 4006 1264 4117 Helprelxeujus
1292 4010 1471 4092 nominis
1499 4010 1582 4091 dno
1609 4011 1770 4094 Fanniae
1797 4012 1889 4120 pagi
1915 4007 1992 4091 llu-

624 4128 722 4211 violi
745 4141 914 4231 exstant,
944 4127 1046 4208 nlius
1070 4129 1147 4210 Hel
1178 4158 1223 4210 ra
1244 4134 1376 4239 masor
1404 4131 1558 4237 dionis,
1579 4136 1651 4245 qui
1671 4161 1810 4216 versus
1827 4134 1993 4215 boreum

627 4279 721 4333 eum
744 4252 898 4361 Helpra
920 4255 1070 4334 mriwre
1188 4251 1281 4334 llelo
1300 4282 1421 4336 cursu
1440 4255 1491 4336 ab
1517 4273 1610 4338 ortu
1633 4259 1678 4338 in
1698 4283 1899 4366 oceasum,
1922 4283 1993 4364 per

629 4399 794 4454 nemora
810 4376 973 4457 Fanniae
990 4396 1099 4482 aeto,
1111 4379 1156 4458 in
1178 4375 1387 4470 Sambrarn
1400 4380 1490 4459 exit

671 4575 721 4653 (tl
742 4576 949 4664 Description
963 4578 1005 4645 de
1024 4580 1054 4646 lu
1070 4581 1177 4674 Belg„
1191 4607 1221 4670 p.
1241 4605 1280 4671 ¹9
1292 4631 1302 4662 ‚
1315 4581 1367 4650 ed.
1384 4582 1515 4650 Amttel.
1536 4580 1629 4648 1625.
