4509 5875
800 631 1164 706 inmoratus.
1601 637 1650 735 ³7

286 797 552 891 necessariuln
576 811 647 908 sit,
673 826 720 889 ut
747 809 945 918 ejusmodi
975 837 1098 918 opera
1122 812 1167 890 in
1190 810 1386 894 habendis
1410 813 1652 900 lectionibus

215 931 217 938 '
284 933 517 1013 auditorum
535 923 661 1012 oeulis
678 931 961 1039 subjiciantur,
982 932 1209 1016 exbibenda
1227 933 1293 1014 illa
1301 935 1484 1045 quidem;
1502 937 1573 1021 sed
1584 919 1669 1038 ,si

283 1057 557 1165 praelectiones
585 1056 629 1134 in
661 1052 805 1134 eodem
832 1055 877 1134 in
906 1081 990 1162 quo
1018 1054 1266 1136 Bibliotheca
1293 1076 1354 1137 est
1381 1059 1547 1143 aedilicio
1579 1062 1650 1142 ha·

282 1177 454 1280 bantur,
474 1181 608 1257 statim
632 1193 725 1285 post
751 1203 816 1254 eas
840 1175 990 1274 linitas,
1013 1175 1077 1255 sin
1099 1178 1256 1281 minus,
1276 1177 1417 1260 saltem
1437 1183 1541 1261 intra
1560 1211 1650 1293 sep·
1737 1255 1741 1260 .

267 1303 438 1392 *timanae
466 1302 641 1409 spatium
655 1289 911 1406 'reportanda
935 1312 1040 1378 sunt
1097 1305 1099 1312 '

891 1477 917 1573 s
942 1471 1047 1550 v111.
1086 1559 1089 1564 ,

285 1707 287 1712 ,
338 1649 637 1732 professoribus
655 1664 925 1747 tantum‚non
943 1643 1142 1726 Studiosis
1162 1643 1335 1725 liberum
1348 1663 1409 1728 est
1426 1653 1470 1730 in
1491 1657 1652 1734 conclu„

283 1775 349 1854 via
379 1773 453 1854 ubi
489 1769 585 1851 libri
618 1785 870 1850 asservantur
901 1769 1077 1870 intrare,
1106 1765 1316 1877 librosque
1346 1769 1425 1853 sibi
1454 1799 1477 1850 e
1506 1762 1652 1881 pluteis

287 1923 457 1976 sumere.
483 1892 661 1974 Studiosi
684 1919 770 1976 non
803 1891 881 1969 nisi
910 1887 1088 1972 Custode
1113 1891 1261 1968 comite
1288 1891 1437 1996 singuli
1465 1911 1534 1973 aut
1565 1895 1652 1974 bini

284 2035 453 2128 possunt
480 2018 655 2118 intrare,
682 2040 757 2094 nec
784 2029 919 2092 tamen
948 2009 1075 2091 libros
1101 2010 1359 2092 extraheres
1392 2014 1553 2096 scriniis
1582 2036 1653 2098 aut
1708 2007 1712 2013 ’

286 2139 480 2222 evolvere.
505 2164 508 2177 ¹

847 2245 850 2256 '
897 2242 930 2340 ¹§
957 2240 1025 2318 IX.

338 2437 422 2540 Qui
443 2435 569 2514 libros
595 2431 646 2512 ad
670 2427 967 2538 excerpendum
993 2427 1135 2523 autad
1164 2407 1379 2534 legendum
1403 2429 1648 2537 desiderant,
1681 2500 1688 2519 .

211 2551 217 2568 '
285 2563 330 2638 in
357 2555 544 2637 conclave
570 2552 807 2662 particulare
832 2549 883 2631 ad
913 2548 956 2629 id
984 2548 1227 2634 destinatum
1248 2577 1292 2628 se
1320 2551 1550 2655 conferant,
1578 2556 1652 2639 ubi

288 2683 433 2764 Custos
460 2693 620 2786 promte
650 2692 692 2756 et
718 2672 903 2784 expedite
928 2671 1020 2751 illos
1049 2669 1335 2779 suppeditabit
1372 2721 1378 2731 .
1429 2708 1431 2711 ·
1484 2723 1490 2738 .

920 2856 945 2950 s
972 2847 1045 2923 X·-

336 3029 450 3121 Idem
485 3025 589 3109 valet
620 2979 672 3106 de
703 3018 961 3103 Bibliothecae
995 3016 1197 3123 Catalogis
1234 3022 1403 3122 omnino
1439 3022 1652 3131 absolutis,

285 3177 389 3263 qnos
421 3150 648 3276 unicuique·
675 3143 727 3224 ad
755 3140 1051 3249 inspiciendum
1080 3140 1272 3220 exhibere
1308 3142 1454 3223 Custos
1481 3162 1652 3257 tenetur.

865 3306 1029 3429 sxa

339 3517 450 3595 Inter
467 3508 686 3619 legendum
703 3502 871 3612 singulis
886 3529 1093 3581 ¹summum
1112 3502 1319 3584 silentium
1337 3522 1398 3586 est
1415 3508 1654 3609 tenendum,

285 3665 420 3748 neque
447 3630 717 3743 colloquendo
740 3644 810 3707 aut
830 3622 1132 3705 obambulando
1152 3625 1329 3733 legentes
1353 3626 1653 3710 turbandisunt.
1675 3652 1699 3735 Ἰ

901 3823 927 3919 5
953 3816 1041 3895 ΧΠ.

343 3997 408 4079 Ad
426 3992 723 4104 excerpendurn
741 3986 1063 4095 Studiosis‘stylo
1087 3995 1307 4095 cerussato,
1324 4018 1409 4073 non
1429 3980 1652 4080 atramento

287 4122 383 4203 licet
402 4122 483 4215 nti,
512 4142 586 4200 nac
611 4115 746 4224 abarta
772 4114 887 4193 libris
917 4128 978 4190 est
1000 4111 1259 4220 imponenda.

890 4294 916 4389 s
942 4286 1048 4367 x111.
1072 4402 1074 4409 Α

343 4486 507 4565 Summa
535 4481 705 4561 omnino
741 4502 836 4557 cura
865 4492 925 4557 est
964 4474 1211 4577 adhibenda,
1240 4497 1285 4561 ut
1314 4479 1411 4562 libri
1439 4483 1586 4591 integri
1616 4502 1658 4563 et
