4509 5875
207 664 669 878 tomus
728 714 1249 928 sslrrrsrnn
1299 735 1653 881 norun

716 1202 1147 1313 RESPONSIO

532 1662 604 1742 an
631 1649 1010 1763 Quarsrronnu
1035 1597 1316 1743 rnusrcau.
1337 1767 1355 1803 Ι,
1532 1655 1535 1670 ·
1616 1779 1620 1790 .

414 2024 1466 2073 *ΝΜ
1631 2043 1639 2061 .

203 2395 208 2408 ’
254 2364 401 2494 Ordo
425 2408 740 2519 Disciplinarum
772 2408 1029 2519 Physicarum
1053 2426 1094 2491 et
1116 2405 1490 2491 Mathematicarum
1511 2397 1629 2521 quael

151 2604 156 2611 .
250 2532 438 2643 rit:qnid
457 2535 501 2613 in
524 2530 765 2645 corporibus
781 2536 1002 2640 generatim
1028 2536 1200 2643 sumptis
1223 2533 1423 2643 possimus
1451 2562 1620 2647 cognos-

250 2681 363 2755 cere,
390 2652 491 2763 quid
517 2678 602 2733 non
629 2656 854 2766 possimus?
879 2672 919 2735 et
945 2658 1038 2771 quis
1055 2654 1229 2765 proinde
1253 2657 1306 2735 sit
1332 2683 1479 2763 scopus
1498 2682 1620 2765 quem

249 2774 437 2889 Physices
454 2774 660 2859 studiosus
679 2774 758 2858 sibi
779 2778 1035 2889 propositum
1056 2775 1207 2857 habere
1226 2774 1401 2857 debeat?
1444 2789 1449 2797 '
1592 2775 1595 2785 '

300 3058 470 3166 Physica
491 3057 538 3134 in
553 3080 676 3136 sensu
692 3056 888 3136 latissimo
907 3076 970 3136 est
988 3061 1155 3136 scientia
1178 3083 1269 3166 quae
1289 3081 1452 3136 omnem
1470 3033 1615 3166 corpo.

246 3210 341 3263 rum
361 3177 607 3272 naturalium
626 3179 902 3285 cognitionem
920 3177 1213 3288 complectitur.
1234 3181 1305 3258 Est
1322 3183 1615 3284 autem,cogni·.

243 3307 305 3384 tio
321 3304 406 3383 haec
424 3301 591 3411 duplex,
608 3301 674 3382 vel
690 3301 881 3399 historica
892 3301 957 3382 vel
970 3300 1213 3400 theoretica,
1230 3317 1271 3380 et
1287 3315 1459 3410 utraque
1478 3299 1616 3407 plures
1760 3333 1772 3342 ·

245 3428 430 3507 continet
446 3442 588 3534 partes.
607 3424 794 3531 Physices
811 3423 1016 3506 studiosus
1037 3445 1113 3524 est,
1136 3427 1383 3536 quicumque
1403 3439 1615 3510 autunum
1701 3523 1708 3536 .

156 3576 164 3599 κ
242 3548 319 3610 aut
342 3529 481 3640 plures
503 3547 637 3639 partes
655 3529 837 3610 excolere
858 3531 1023 3629 nititur;
1044 3529 1155 3610 unde
1176 3531 1390 3642 quaesitum
1421 3525 1614 3632 arbitror,

243 3654 338 3762 quis
367 3653 413 3732 in
441 3651 656 3762 cujuslibet
682 3653 809 3763 partis
838 3651 996 3735 culturi
1023 3680 1171 3762 scopus
1203 3653 1257 3734 sit
1287 3678 1411 3764 quern
1435 3645 1613 3758 ejusdem

243 3773 450 3852 studiosus
472 3766 551 3848 sibi
567 3766 824 3876 propositum
841 3766 993 3849 habero
1011 3765 1183 3852 debeat?
1624 3775 1629 3784 '

295 4067 345 4145 In
368 4069 504 4175 primo
533 4065 612 4146 hoc
645 4066 870 4150 Academiae
904 4071 1124 4152 certamine
1156 4071 1333 4152 literario
1361 4071 1610 4180 juvenilibus

244 4190 353 4271 ansis
369 4205 480 4268 certo
499 4188 676 4268 multum
693 4191 938 4274 eoncedetm
953 4193 1233 4302 indulgentiae,
1250 4199 1316 4274 cui
1328 4192 1473 4292 fidens,
1487 4186 1610 4305 quun

242 4329 333 4393 tum
350 4310 544 4422 mihi'per
563 4327 723 4420 ternpus
741 4315 855 4415 licet,
877 4321 1045 4427 querito
1067 4345 1143 4426 pro
1168 4313 1325 4398 viribus
1344 4312 1416 4396 sed
1435 4335 1609 4400 contrac-

242 4437 318 4514 tim
335 4433 561 4516 satisfacere
580 4431 771 4515 conabor.
793 4435 919 4538 Quod
941 4455 989 4517 ut
1003 4455 1190 4547 praeetare
1212 4439 1384 4548 possim,
1404 4440 1607 4550 principio

244 4557 543 4644 observandum
554 4559 719 4668 opinor,
731 4557 883 4671 quibus
899 4589 925 4642 a
942 4563 1088 4644 naturl
1104 4560 1250 4645 mediis
1262 4561 1448 4644 inslructi
1466 4561 1606 4664 simus,

1399 4725 1429 4771 l·
