4509 5875
605 628 1122 720 nrsronstoanoonsr.
1148 573 1330 700 suurn
1586 633 1632 706 35

269 811 464 893 debemus
478 812 710 895 reverentii.
729 812 889 892 Etenim
900 811 986 892 lieri
997 829 1149 919 potest,
1160 829 1208 892 ut
1215 812 1406 894 dominus
1413 815 1526 913 aciat,
1540 841 1627 894 rem

264 960 386 1045 quam
399 933 523 1020 tradit
540 945 742 1045 autquam
759 935 997 1018 uadendum
1012 936 1316 1040 mandat,auam
1330 965 1414 1017 care
1424 996 1436 1041 ,
1446 938 1518 1018 aed
1535 940 1630 1045 put·

266 1073 323 1154 et,
348 1085 396 1138 ex
417 1058 553 1166 aliqui
564 1058 679 1136 causa
698 1081 812 1136 suam
834 1057 975 1136 factam
996 1083 1097 1159 cese,
1118 1084 1211 1138 cum
1231 1085 1281 1136 ex
1308 1059 1386 1137 alia
1413 1061 1531 1140 causi
1557 1086 1631 1142 sua

262 1180 338 1274 aiu
355 1197 439 1286 qno
456 1203 548 1258 caen
566 1179 603 1256 ei
621 1204 709 1256 reru
727 1177 859 1256 tradat
875 1203 925 1255 eo
942 1178 1100 1280 animo,
1112 1195 1160 1256 ut
1178 1177 1391 1257 transierat
1401 1180 1631 1263 dominium

262 1299 375 1404 quod
398 1298 476 1378 eibi
501 1326 551 1378 ex
575 1297 711 1411 aliqui
736 1299 852 1398 cauti
881 1297 1131 1409 adquisitum
1160 1298 1381 1401 existimat,
1401 1298 1630 1380 dominium

261 1445 350 1503 non
368 1418 623 1526 parumne,
641 1438 783 1530 utpote
800 1421 914 1528 quod
934 1449 984 1501 ex
1004 1423 1051 1501 et
1068 1422 1189 1501 causi
1207 1448 1291 1500 non
1311 1420 1453 1522 habet,
1477 1422 1549 1502 ted
1564 1449 1629 1500 ne·

262 1567 342 1650 que
363 1539 465 1620 illud
477 1540 592 1650 qnod
611 1565 752 1619 revera
765 1567 814 1618 ex
832 1539 909 1618 elia
928 1540 1046 1618 causi
1066 1537 1199 1641 habet,
1216 1567 1309 1619 cum
1326 1545 1370 1618 in
1388 1542 1490 1621 illud
1500 1561 1627 1623 tram·

261 1663 474 1743 ferendum
482 1689 569 1742 non
582 1662 845 1764 consenserit,
859 1663 1050 1767 ignorans
1064 1659 1232 1740 hocsibi
1245 1663 1630 1768 competere.'Qnod

261 1783 407 1890 probat
429 1786 471 1864 L.
495 1783 600 1892 49ff.
612 1784 791 1864 mandati
814 1786 926 1862 ineo
947 1781 1060 1893 quod
1079 1783 1273 1891 proponit
1292 1783 1479 1890 exemplo
1499 1813 1509 1862 ε
1529 1785 1628 1863 Titii

259 1931 439 2011 serrum,
466 1931 588 1986 snum
612 1933 697 1988 eece
724 1907 965 2012 ignorantis,
988 1905 1041 1984 ab
1060 1905 1140 1983 alio
1158 1905 1251 2015 quis
1274 1905 1383 2004 emit,
1406 1906 1471 1982 cui
1494 1906 1627 1983 Titius

257 2027 343 2132 ipse
367 2045 507 2131 postea
528 2029 655 2107 haeres
682 2029 841 2108 exstitit.
862 2030 982 2108 Hunc
1007 2053 1170 2108 servum
1194 2052 1320 2137 quem
1344 2025 1436 2132 jure
1459 2024 1627 2106 heredi·

256 2149 359 2226 tario
378 2147 457 2226 eibi
475 2147 715 2255 acquisitum
736 2167 866 2250 putat,
883 2152 983 2228 mihi
1002 2150 1172 2234 mandet
1187 2144 1482 2227 attenderem.
1508 2147 1627 2225 Deci·

257 2297 349 2350 sum
374 2269 502 2348 estin
528 2265 608 2344 fine
634 2265 759 2371 legin,
789 2264 902 2374 quod
931 2266 966 2344 si
992 2266 1125 2350 Titius
1146 2289 1309 2342 servum
1333 2263 1531 2342 mandatu
1552 2293 1627 2346 suo

257 2390 469 2471 venditum
487 2389 588 2468 velit
602 2385 832 2489 vindicare,
850 2385 1087 2494 exceptione
1112 2385 1196 2467 doli
1219 2386 1346 2492 potnit
1363 2389 1626 2483 summoveri,

257 2513 368 2592 unde
382 2512 626 2615 colligimur,
644 2525 736 2616 post
757 2507 1034 2590 venditionem
1053 2507 1196 2588 factam
1221 2524 1263 2588 et
1281 2506 1537 2588 subsecutam
1555 2525 1630 2586 ua·

256 2633 454 2720 ditionem
480 2632 590 2710 Titio
617 2629 930 2710 vindicationem
962 2632 1067 2710 servi
1094 2629 1227 2712 adhuc
1256 2645 1505 2737 competere,
1534 2657 1629 2708 cum

256 2755 389 2834 omnir
407 2754 592 2860 exceptio
610 2759 894 2860 prmeupponat
913 2749 1134 2852 actionem,
1159 2781 1282 2863 qnam
1299 2771 1341 2833 et
1355 2755 1445 2862 ipra
1455 2753 1518 2834 lex
1536 2778 1630 2860 prae

255 2879 465 2987 supponit,
482 2875 555 2959 ubi
574 2877 681 2957 sict«
702 2878 739 2955 si
749 2873 789 2955 Τ
784 2878 878 2957 a'tt'us
889 2903 980 2956 eum
997 2867 1207 2957 vendicare
1220 2877 1340 2971 velit,
1364 2907 1384 2953 a
1404 2901 1499 2955 cum
1517 2877 1630 2955 insu·

256 3028 330 3103 per
354 3028 458 3099 opus
484 3028 571 3080 non
595 2998 735 3077 fideret
759 2993 997 3096 exceptione
1019 2988 1123 3089 doli,
1142 3007 1190 3068 ut
1215 2993 1480 3098 repelleretur
1497 2997 1631 3075 Titius

257 3112 470 3200 mandator
489 3137 501 3207 ;
517 3108 701 3218 adeoque
739 3108 968 3189 dominium
993 3110 1230 3189 translatum
1259 3137 1345 3190 non
1376 3112 1517 3215 fuisse,
1544 3144 1629 3222 quo

259 3239 408 3321 scilicet
434 3234 626 3315 translato
649 3232 759 3311 Titio
785 3235 890 3316 servi
915 3232 1142 3313 venditatio
1165 3260 1249 3316 non
1273 3236 1446 3343 amplius
1462 3259 1627 3347 compe·

259 3368 371 3441 teret
399 3359 519 3437 Ratio
540 3372 675 3435 autem
693 3370 773 3454 eet,
791 3354 905 3464 quod
924 3358 1056 3437 Titius
1075 3358 1206 3438 voluit
1222 3358 1390 3471 quidem
1408 3358 1627 3439 transferre

262 3484 490 3567 dominium
504 3476 617 3592 quod
629 3504 678 3556 ex
697 3478 1073 3561 cauiihaereditarii
1091 3483 1168 3563 sibi
1183 3486 1425 3597 anquisitum
1444 3482 1628 3592 putabat,

259 3606 330 3687 aed
349 3606 576 3686 dominium
597 3626 646 3681 ex
672 3602 789 3683 nunt
811 3601 1058 3683 hereditavit
1080 3606 1157 3714 ipsi
1178 3608 1420 3717 acquisitum
1442 3630 1528 3684 non
1546 3619 1627 3709 ert,

261 3752 352 3809 cum
367 3727 449 3834 jam
466 3743 582 3811 antee
601 3725 792 3805 dominus
811 3728 915 3806 servi
935 3745 1052 3832 esset,
1071 3725 1256 3837 adeoque
1274 3754 1351 3808 nec
1368 3724 1627 3821 translatum

264 3849 493 3929 dominium
517 3865 650 3926 eutem
679 3846 794 3955 quod
817 3848 938 3929 hahet
964 3849 1145 3951 realiter,
1168 3876 1254 3929 non
1278 3847 1503 3947 transtulit,
1532 3871 1625 3925 cum

133 4042 136 4049 .
263 3971 509 4077 ignoraverit
534 3996 577 4048 se
604 3966 705 4047 illud
728 3967 900 4077 habere,
922 3974 1105 4083 adeoque
1135 3971 1308 4052 defuerit
1330 3972 1374 4049 in
1399 3966 1623 4048 translatio·

263 4120 359 4173 nem
378 4093 574 4173 voluntas.
722 4146 728 4151 -
810 4092 817 4099 ’

315 4236 424 4339 Ergo
452 4231 555 4313 illud
575 4236 693 4315 tertio
724 4236 776 4316 ad
799 4238 1047 4318 voluntatem
1065 4236 1334 4345 requirimus,
1350 4251 1398 4321 ut
1419 4260 1483 4315 rec
1500 4259 1623 4343 quam

263 4354 452 4435 dominus
471 4373 664 4466 tanquam
683 4384 798 4437 suam
817 4387 866 4439 ex
886 4358 1021 4468 aliqui
1048 4360 1166 4438 causi
1183 4357 1325 4461 tradit,
1343 4356 1389 4438 eia
1416 4354 1531 4435 causei
1560 4381 1623 4435 re·

264 4476 358 4558 vere
384 4477 492 4586 apud
511 4504 606 4561 enm
625 4480 685 4560 eit.
1437 4583 1458 4655 ὅ
