4509 5875
596 616 663 735 ςκ...
815 667 821 679 .
899 629 903 636 ·
1001 606 1170 681 cauom
1196 606 1391 681 susurru
1415 612 1585 685 untur

616 792 765 903 pedem
792 790 943 896 figens,
960 788 1012 872 ab
1031 789 1105 872 htc
1126 788 1295 886 boreali
1311 807 1547 873 nostrorum
1568 807 1771 875 tractuum
1796 794 1986 883 abstituit.

614 921 650 996 J.
684 918 766 995 Des
786 906 961 994 laomim
987 912 1062 1022 (r),
1093 914 1196 991 mira
1224 912 1388 993 solertia
1417 942 1505 993 rem
1532 940 1756 1021 aggressus,
1786 923 1989 1003 rariorum

615 1063 812 1147 pagorum
843 1035 992 1117 linibus
1024 1034 1257 1139 delineatis,
1284 1036 1430 1117 ultimo
1455 1037 1500 1116 in
1530 1040 1782 1149 paragrapho
1806 1041 1857 1121 de
1886 1047 1988 1125 Zee-

617 1159 767 1242 landr'ae
793 1162 931 1241 mulis
966 1188 1111 1269 agens,
1144 1158 1373 1239 insularum·
1394 1159 1646 1265 singularum
1675 1161 1989 1274 descriptionem

616 1284 767 1387 edidit,
785 1285 887 1395 quin
907 1300 1065 1385 tamen,
1089 1280 1141 1363 ad
1159 1308 1285 1393 quem
1307 1282 1472 1383 singule
1490 1284 1739 1385 pertinerent
1755 1314 1930 1397 pagum,
1948 1308 1990 1371 et

617 1411 689 1517 qui
718 1408 827 1485 illius
854 1424 987 1485 essent
1006 1406 1103 1507 Pagi
1134 1404 1298 1503 limites,
1321 1397 1442 1480 nobis
1460 1400 1645 1481 traderet.

673 1607 740 1684 W
731 1600 921 1682 ascetum
938 1602 1013 1707 (a),
1031 1601 1101 1681 W
1092 1596 1239 1681 aedom
1251 1628 1414 1709 pagum
1431 1601 1657 1711 antiquitus
1681 1602 1903 1694 Zeelandiae
1919 1636 1987 1689 va-

616 1729 696 1807 rias
715 1724 866 1805 insulas
883 1721 1254 1834 comprehendisse,
1273 1750 1320 1803 ac
1340 1725 1448 1803 inter
1460 1722 1638 1805 Scaldim
1658 1724 1696 1804 fl.
1716 1745 1759 1809 et
1775 1730 1989 1840 antiquum

613 1852 734 1961 Mosae
752 1846 910 1928 alveum
939 1848 1079 1927 assent
1102 1842 1224 1927 fitisse
1263 1862 1531 1927 contentum:
1553 1850 1744 1930 Berselius
1770 1850 1846 1959 (3)
1873 1852 1981 1933 deni·

615 1996 697 2085 que
719 1998 804 2053 non
821 1986 982 2052 tantmn'
1006 1984 1175 2073 nactus,
1194 1968 1418 2051 Zeelandiae
1436 1969 1690 2075 insulas,sed
1711 1990 1752 2054 et
1772 1966 1987 2055 Ottoniam

614 2111 795 2175 nostram
821 2092 1027 2173 borealem
1053 2091 1328 2196 conficientes,
1346 2110 1387 2171 et
1406 2092 1558 2202 quibus
1580 2092 1633 2172 ad
1650 2094 1901 2177 hodiernum
1926 2126 1987 2178 us-

614 2244 696 2327 que
713 2232 873 2323 tempus
892 2230 1006 2293 term
1034 2214 1192 2299 Waste
1206 2214 1256 2323 ('t
1273 2214 1374 2305 lund
1391 2242 1480 2293 van
1500 2216 1567 2304 W
1559 2216 1655 2321 aas)
1677 2244 1828 2311 nomen
1844 2248 1986 2327 super-

614 2357 689 2442 est,
715 2340 792 2449 ipsi
809 2340 912 2445 Pago
934 2336 1127 2447 adjunxit.
1152 2338 1257 2422 Sunt
1279 2354 1321 2419 et
1348 2337 1415 2417 alii
1441 2336 1592 2446 plures,
1621 2340 1693 2451 qui
1721 2356 1849 2422 terras
1872 2342 1988 2421 hasce

615 2463 794 2547 Ottoniae
828 2460 959 2564 solas,
988 2458 1185 2542 Wasdam
1225 2462 1495 2543 constituisse
1513 2460 1780 2566 contendunt,
1812 2490 1989 2577 quorum

584 2602 748 2667 ¹tumen
774 2585 1014 2693 sententiam
1048 2583 1157 2664 vel
1145 2610 1230 2693 ipsa
1257 2580 1424 2663 historia
1452 2582 1663 2693 explodit:
1685 2584 1989 2666 Theodoricum

615 2709 767 2785 etenim
792 2708 994 2787 Comitem
1017 2734 1040 2787 a
1060 2706 1269 2787 Ludorico
1293 2708 1497 2786 Germano
1504 2710 1706 2808 fhrestum
1727 2708 1893 2789 Waodo
1912 2706 1988 2787 do·

616 2840 680 2907 cet
704 2828 916 2935 accepisse,
938 2804 1053 2939 quod
1067 2826 1412 2931 donmnqumn-
1414 2824 1788 2930 Flandaoneesipsi
1809 2822 1999 2911 adimere'

615 2965 873 3055 conarentur,
905 2973 990 3027 non
1019 2943 1115 3072 alias
1143 2959 1299 3054 partes,
1325 2941 1404 3021 nisi
1436 2941 1661 3086 Zeelandiae
1688 2945 1841 3030 insrrlas
1867 2953 1999 3031 armis-

615 3073 778 3182 petiere.

670 3265 804 3348 Nobis
830 3231 967 3348 autem
994 3265 1079 3347 hee
1103 3264 1263 3345 veriora
1292 3289 1378 3344 esse
1397 3262 1590 3344 ridentur
1608 3293 1618 3342 ε
1636 3265 1799 3346 Remu·
1816 3268 1872 3370 (d)
1896 3293 1987 3348 sen·

617 3390 784 3479 tentiam
815 3390 1012 3500 amplexi,
1042 3390 1276 3471 universam
1301 3385 1559 3470 Zeelandiam
1589 3385 1779 3468 simulet
1811 3403 1986 3492 tractim,

660 3626 709 3715 (ι)
730 3627 895 3718 Μέιιιοίω
906 3650 965 3695 sur
979 3627 1011 3693 la
1027 3627 1182 3722 question
1200 3647 1209 3692 t
1226 3623 1352 3714 quelles
1368 3637 1428 3689 ont
1442 3623 1494 3690 dte'
1508 3622 1625 3711 depuis
1646 3622 1678 3688 la
1702 3615 1986 3689 commendement
2024 3651 2030 3658 ·

619 3731 775 3798 davum·
790 3734 890 3800 siecle
903 3731 1055 3821 jusqu'au
1072 3733 1167 3797 11⁸·
1180 3728 1491 3796 inclusivementles
1509 3728 1632 3794 limites
1643 3725 1702 3793 des
1718 3727 1875 3794 ditiorem
1893 3745 1985 3846 pays,

621 3838 704 3904 dun
713 3828 896 3904 reclames
911 3839 1000 3905 dant
1006 3835 1173 3905 tsstendue
1183 3835 1241 3922 qui
1257 3855 1413 3924 composa
1428 3831 1635 3921 aujourd'hui
1650 3834 1697 3901 lea
1705 3833 1798 3898 xvn
1812 3832 1988 3920 provinces

622 3939 680 4010 des
702 3942 877 4030 pays-uu,
899 3941 986 4006 atla
1016 3942 1225 4030 principante
1244 3939 1286 4008 de
1308 3939 1424 4030 Liegc,
1443 3941 1502 4030 qui
1524 3962 1544 4005 a
1563 3939 1727 4028 rampone
1751 3938 1784 4006 la
1805 3937 1879 4027 prix
1892 3937 1940 4004 de
1954 3937 1994 4004 la·

616 4041 744 4114 Societe
760 4045 941 4115 unumne
938 4042 1002 4152 de
1012 4046 1200 4121 Bmxclles.
1216 4065 1259 4110 ea
1280 4065 1403 4132 ¹77⁰
1470 4110 1474 4117 ,
1675 4082 1678 4088 -

659 4199 709 4288 (a)
731 4202 926 4292 Dmupctoa
937 4198 978 4264 do
991 4197 1027 4263 Ia
1041 4196 1147 4264 Gaule
1160 4197 1319 4284 tegique.
1333 4197 1430 4260 Brux.
1449 4197 1543 4284 1788.
1562 4218 1586 4263 s.
1603 4217 1633 4261 t.
1646 4194 1777 4264 Wasda.

660 4351 709 4441 (3)
730 4354 770 4420 ln
785 4354 941 4426 ctmntoo
955 4357 1172 4434 Gottuu'censi,
1187 4340 1246 4420 ubi
1263 4311 1556 4446 wardan-pagum
1572 4353 1745 4436 describit,
1760 4376 1793 4444 p.
1809 4353 1883 4432 844.

663 4509 945 4600 (noemia
1141 4499 1142 4503 '
1626 4461 1629 4467 ¹
