4509 5875
618 658 666 729 ps
856 632 1103 705 GUlLlELMl
1121 630 1221 701 CAR.
1245 628 1362 697 tter.
1389 628 1484 699 ’ΜΝ
1508 628 1601 698 DEN
1626 627 1745 699 DALE

614 828 827 943 cessariam
858 850 944 905 esse
971 825 1022 904 ad
1042 822 1345 905 translationem
1369 822 1564 929 dominii,
1583 824 1678 933 quia
1703 823 1753 903 de
1776 822 1980 913 eri-,Codex

617 951 798 1030 Gallicus
819 948 1012 1027 tractavit

671 1158 726 1237 Et
745 1156 830 1241 haec
856 1154 1022 1265 quidem
1040 1159 1134 1235 satis
1153 1156 1343 1262 probant,
1362 1152 1622 1241 traditionem
1638 1154 1880 1261 generaliter
1901 1182 1987 1235 non

614 1278 788 1387 requiri,
807 1294 853 1363 ut
879 1275 1062 1363 dominia
1084 1292 1177 1358 actu
1201 1278 1307 1357 inter
1326 1279 1440 1356 rivos
1458 1274 1770 1375 transferentem
1793 1274 1866 1356 sed
1888 1303 1985 1383 pro-

612 1395 794 1477 bandum
820 1400 865 1477 in
891 1399 1012 1479 nobis
1034 1401 1302 1505 suscepimus,
1326 1397 1486 1478 nullum
1513 1397 1625 1477 alind
1650 1396 1797 1485 factum
1825 1394 1985 1483 desidee

613 1521 720 1620 rari,
749 1519 877 1599 solam
916 1518 1187 1604 transferendi
1218 1518 1510 1623 obligationem
1544 1518 1726 1607 sufficere
1763 1520 1847 1599 sive
1884 1534 1987 1599 tram

613 1640 832 1747 scriptione
852 1666 956 1751 opus
975 1667 1062 1724 non
1090 1666 1186 1721 esse.

1254 1854 1344 1948 §2

613 2056 654 2137 T
645 2059 938 2167 mnrcnptione
954 2084 1055 2169 opus
1079 2084 1160 2139 non
1186 2084 1283 2155 esse,
1300 2074 1348 2137 nt
1364 2052 1548 2137 dominia
1568 2084 1701 2138 rerum
1723 2042 1986 2141 immobilium

959 2199 1055 2261 actu
1083 2182 1313 2261 interviret
1333 2182 1641 2286 transferantur.

665 2401 897 2515 Antequam
911 2435 914 2451 ¹
927 2402 1162 2512 qtraestionis
1194 2401 1316 2509 hujus
1344 2391 1591 2478 solutionem
1624 2398 1903 2505 aggrediamur
1927 2428 1989 2481 sa·-

615 2521 666 2599 tis
688 2522 955 2628 implicatam,
981 2521 1193 2634 principiis
1219 2538 1355 2602 tamen
1379 2548 1429 2601 ex
1445 2523 1566 2602 variis
1585 2520 1748 2602 Codicis
1771 2524 1899 2601 nostri
1922 2548 1987 2599 ar·
2072 2580 2076 2589 i

614 2639 748 2725 tienlis
775 2640 999 2750 desumptis
1031 2642 1326 2745 confirmatam,
1359 2658 1570 2723 auctorum
1604 2668 1766 2723 assensu
1801 2645 1991 2723 unanimi

616 2761 915 2843 corroboratam
942 2764 1020 2870 (1),
1048 2765 1281 2844 tumeliam
1308 2790 1430 2873 quarn
1458 2764 1646 2873 plurimis
1668 2765 1875 2847 curiarum
1893 2790 1986 2845 sen-

614 2882 751 2963 tentiis
782 2898 905 2995 atque
930 2882 1206 2967 decisionibus
1230 2888 1423 2968 sancitam
1451 2889 1523 2994 (2),
1547 2886 1649 2968 adeo
1669 2906 1717 2968 ut
1738 2890 1885 2968 merito
1909 2916 1987 2992 pro

615 3003 1118 3113 legeajurisprudentibus
1133 3006 1331 3086 habeatur
1341 3037 1351 3093 3
1363 3019 1527 3104 proporat
1541 3024 1757 3106 exponere,
1767 3001 1869 3111 quid
1885 3007 1989 3085 circa

617 3135 817 3233 punctum
834 3125 914 3203 hoc
930 3141 1022 3204 ante
1032 3119 1226 3204 Codioem
1237 3118 1488 3227 publicatum
1500 3121 1544 3198 in
1555 3119 1685 3202 Gallis
1693 3121 1988 3237 observaretur.

669 3347 796 3424 Porro
821 3344 898 3422 lata
920 3344 998 3425 fuit
1015 3345 1161 3424 ultimo
1189 3345 1254 3424 lex
1291 3373 1332 3425 11
1365 3349 1500 3426 Bruma
1530 3347 1638 3426 Anni
1661 3349 1737 3426 VII
1758 3348 1865 3455 leges
1894 3377 1988 3458 pras-

619 3465 807 3547 eedenms
828 3491 969 3548 omnes
987 3466 1208 3574 abrogans,
1228 3467 1310 3578 qud
1333 3469 1469 3550 verbis
1489 3471 1683 3577 expressis
1708 3489 1921 3572 statutum,
1941 3491 1988 3554 ut

620 3588 893 3670 immobilium
921 3590 1148 3698 proprietas
1174 3592 1361 3680 nonnisi
1392 3586 1699 3704 transeriptione
1721 3594 1820 3676 lacta
1844 3597 1888 3678 in
1915 3622 1980 3676 ac·

594 3713 848 3819 .quirentem
874 3711 1166 3794 transferretur.

662 3955 812 4042 (r)1ntar
826 3979 909 4047 quos
920 3959 1148 4042 stamma,
1164 3963 1295 4040 Puni,
1307 3963 1480 4029 Turrim
1493 3975 1555 4030 ete.

665 4103 714 4194 (a)
736 4112 786 4174 Ex
809 4112 931 4200 quibus
957 4111 1080 4179 referre
1105 4117 1182 4181 satis
1206 4118 1268 4182 erit
1282 4120 1477 4185 sententiam
1499 4119 1598 4185 latam
1614 4121 1736 4186 scuria
1757 4123 1841 4190 Cass.
1866 4121 1886 4188 8
1906 4123 1988 4190 Maii

549 4237 552 4242 “
620 4225 803 4338 ennirssro
818 4231 881 4315 (V.
896 4236 1014 4314 Smnr,
1036 4237 1137 4318 raro,
1156 4261 1228 4332 pag.
1251 4241 1335 4332 265)
1351 4241 1517 4330 aliamque
1537 4243 1638 4310 latam
1663 4245 1703 4311 16
1722 4243 1794 4312 Oct.
1808 4246 1887 4350 anni
1901 4245 1986 4330 ojus-

616 4347 698 4421 ,dem
713 4347 771 4438 (V.
797 4354 967 4437 eumdem,
989 4361 1091 4444 1810,
1108 4382 1180 4454 pag.
1205 4363 1274 4455 25).
1653 4373 1657 4378 ’
