4509 5875
624 665 872 770 RESPONSIO
896 667 957 736 AD
981 667 1147 758 QUAEST.
1171 669 1311 739 1111111).
1559 657 1564 667 ’
1600 691 1661 780 αι,
1693 666 1695 669 ’

288 839 366 920 alio
386 839 509 964 modo
529 842 754 926 dominium
781 847 838 928 rei
867 847 1004 952 legatae
1025 849 1068 926 in
1095 839 1336 954 legatarium
1353 841 1528 924 transeat
1545 872 1555 923 :
1571 843 1651 929 h'oc
1683 873 1689 880 ·

289 963 420 1042 solum
443 964 565 1044 refert
592 985 633 1082 et
660 967 711 1046 ad
741 971 1001 1076 questionem
1022 997 1145 1077 quam
1171 987 1383 1048 tractamus
1414 985 1581 1075 spectat,
1600 994 1653 1048 au

291 1085 350 1162 rei
371 1084 507 1190 legatas
529 1085 755 1166 dominium
779 1089 823 1166 in
844 1089 1081 1207 legatarium
1111 1090 1229 1168 abeat
1249 1090 1335 1168 sine
1360 1087 1584 1172 traditione.

336 1362 389 1438 Et
418 1361 609 1462 diximus,
632 1365 691 1442 rei
710 1362 851 1470 legatae
874 1361 1099 1444 dominium
1126 1365 1213 1445 sine
1238 1363 1452 1444 traditione
1481 1366 1524 1442 in
1545 1365 1651 1471 lega-

285 1480 434 1558 tarium
455 1481 564 1561 abire
583 1489 629 1588 (a
651 1501 857 1564 momento
881 1483 997 1565 aditae
1015 1484 1288 1589 haereditatis),
1300 1485 1416 1566 modo
1437 1490 1580 1594 speeies
1595 1484 1656 1566 ad

232 1663 238 1674 .
286 1618 508 1682 testatorem
536 1605 604 1684 vel
631 1602 824 1686 ttaeredem
849 1607 932 1712 ejus
960 1623 1138 1713 spectans
1157 1635 1259 1714 pure
1285 1608 1419 1714 legata
1440 1611 1581 1711 stetit.

338 1881 523 1962 Diximus
541 1902 696 1990 autem,
718 1889 751 1966 si
771 1891 913 1996 speeies
933 1887 1060 1994 legata
1079 1886 1226 1982 fuerit3
1249 1912 1344 1967 nam
1362 1888 1396 1965 si
1408 1914 1536 1992 genus
1554 1886 1655 1990 lega·

287 2018 376 2080 tum
400 2006 475 2102 sit,
507 2005 582 2085 alia
610 2007 779 2088 dicenda
807 2011 983 2090 veniunt.
1007 2013 1059 2088 Et
1078 2007 1245 2120 quidem
1263 2007 1564 2113 distinguimus,
1587 2034 1655 2110 an,

285 2123 318 2200 si
337 2148 464 2226 genus
490 2123 665 2230 legatum
695 2131 832 2236 fuerit,
860 2133 1001 2214 electio
1029 2148 1230 2232 competat
1258 2131 1465 2232 legatario,
1494 2154 1547 2206 an
1572 2125 1652 2206 hae·

287 2241 374 2320 redi
398 2245 611 2350 (legatario
647 2262 781 2325 autem
808 2275 966 2354 semper
995 2249 1208 2354 competit,
1241 2247 1318 2324 nisi
1348 2243 1458 2324 aliud
1489 2263 1688 2326 testator·

288 2363 457 2467 dixerit)
476 2367 543 2469 (1).
565 2367 607 2445 Si
628 2367 768 2447 electio
794 2384 993 2475 competat
1021 2366 1233 2471 legatario,
1259 2384 1300 2445 et
1328 2366 1394 2444 hic
1422 2367 1545 2444 semel
1563 2395 1653 2475 spe·

255 2495 258 2500 ’
288 2487 390 2563 ciem
411 2513 460 2564 ex
485 2513 631 2591 genere
655 2488 787 2596 legato
809 2518 859 2568 eo
882 2516 965 2601 quo
991 2486 1133 2567 debuit
1160 2488 1301 2566 electio
1328 2485 1415 2567 lieri
1437 2484 1560 2565 modo
1580 2488 1654 2568 ele·

286 2608 406 2709 gerit3
434 2622 640 2712 putamus,
668 2609 865 2689 electione
892 2609 1001 2700 factal,
1024 2610 1158 2720 statim
1180 2608 1325 2715 speciei
1358 2608 1491 2687 electae
1521 2607 1652 2698 domi-

281 2713 402 2804 nium
432 2727 585 2838 absque
612 2728 697 2808 ullo
724 2731 829 2809 facto
853 2727 1044 2834 haeredis,
1071 2730 1246 2841 ideoque
1267 2729 1418 2838 absque
1439 2726 1652 2807 traditione

284 2851 330 2928 in
345 2837 593 2957 legatarium
626 2852 746 2932 abire.
782 2853 944 2932 Etenim
967 2853 1110 2932 electio
1134 2880 1157 2929 a
1180 2850 1369 2957 legatario
1398 2847 1528 2929 valide
1553 2846 1653 2927 facta

284 2975 429 3051 mutari
461 3002 508 3054 ex
545 2975 781 3081 poenitentis
807 3000 893 3047 non
922 2985 1053 3075 potest
1083 2971 1159 3072 (a),
1189 2962 1373 3076 adeoque
1407 2994 1499 3044 cum
1530 2970 1653 3049 semel

282 3092 495 3193 legatarius
523 3096 705 3191 elegerit,
731 3116 796 3165 res
825 3115 947 3197 quam
972 3108 1025 3165 'ex
1047 3087 1180 3191 legato
1207 3112 1351 3193 capere
1381 3084 1519 3182 debet,
1547 3106 1654 3167 certa

285 3228 403 3321 atque
429 3208 692 3296 determinata
719 3209 869 3315 species
899 3206 1001 3287 lacta
1030 3224 1110 3312 est,
1136 3226 1402 3318 praeterquam
1427 3229 1569 3315 capere'
1595 3208 1674 3313 nil

286 3329 396 3415 aliud
434 3329 605 3436 amplius
639 3331 809 3435 poterit3
835 3327 944 3409 unde
973 3330 1074 3410 lactet
1108 3329 1231 3410 semel
1258 3329 1451 3409 electione
1478 3329 1651 3435 legatum

202 3444 205 3452 Δ
286 3451 398 3562 quod
423 3451 664 3559 aprineipio
683 3452 913 3555 genericum
938 3450 1086 3551 fuerat,
1105 3452 1190 3560 -jam
1210 3452 1360 3533 lactum
1389 3468 1448 3531 est
1474 3450 1651 3554 legatum

202 3653 209 3671 1
284 3575 452 3680 speciei3
470 3574 582 3681 atqui
602 3574 644 3649 in
668 3571 797 3677 legato
829 3574 974 3681 speciei
1001 3577 1061 3653 rei
1093 3575 1232 3681 legatae
1260 3574 1491 3655 dominium
1509 3573 1650 3653 transit

284 3696 327 3774 in
351 3695 583 3801 legatarium
610 3693 763 3803 absque
790 3694 1024 3793 traditione3
1043 3723 1162 3803 erg0‚
1183 3714 1266 3776 etc..
1288 3696 1444 3776 Scimus
1463 3692 1649 3801 quidem,

286 3814 445 3896 differre
467 3816 642 3921 legatum
662 3843 746 3924 quo
761 3816 814 3897 ab
836 3820 954 3923 initio
975 3820 1126 3926 species
1146 3818 1286 3908 relicta
1309 3807 1405 3919 fuit,
1427 3813 1479 3895 ab
1497 3841 1547 3893 eo
1565 3842 1649 3925 quo

329 4058 376 4147 (a)
398 4062 475 4124 lost.
488 4058 546 4122 lib.
561 4081 591 4124 a.
604 4060 654 4123 tit.
671 4060 844 4151 delegatis.
859 4074 883 4141 ς.
902 4086 956 4129 aa.

329 4198 377 4286 (r)
399 4200 433 4263 b.
456 4220 496 4264 so
519 4197 555 4262 ft.
575 4198 616 4263 ds
638 4215 704 4287 opt.
719 4223 748 4265 v.
765 4203 857 4269 elect
883 4203 961 4293 leg„
982 4203 1041 4271 ubi
1064 4204 1110 4269 sie
1127 4203 1334 4289 :rescn'thum
1353 4211 1414 4277 est,
1433 4200 1463 4261 ss'
1475 4196 1647 4285 legatarius
1722 4212 1727 4221 “

285 4302 435 4379 dixisset,
452 4323 526 4391 quoe
546 4300 644 4366 vellet
652 4347 663 4381 ‚
686 4303 815 4382 daim,
830 4322 1002 4395 antequam
1023 4331 1062 4370 ea
1076 4321 1227 4383 sunum,
1242 4304 1313 4369 alia
1336 4326 1369 4367 ss
1391 4300 1477 4369 veHe
1492 4303 1647 4381 dixissen

284 4423 404 4473 mutare
420 4406 618 4472 voluntatem
632 4428 702 4470 eum
719 4430 900 4495 postpone,
917 4425 953 4474 ut
965 4410 1036 4473 alia
1050 4425 1197 4491 sumeret,
1209 4412 1287 4500 quia
1301 4431 1391 4475 omne
1398 4409 1456 4497 jus
1469 4406 1646 4495 legatipts'·
1774 4492 1779 4501 ι

287 4511 341 4577 md
353 4513 516 4579 testatione
528 4512 593 4601 qua‘
605 4534 722 4576 swnerc
733 4535 763 4577 se
777 4512 928 4589 dixisset,
943 4519 1141 4601 consumpsit.
