4509 5875
595 684 843 755 aaseousro
865 684 928 753 sn
950 684 1119 774 Qunsr.
1145 684 1286 754 suain.
1585 704 1627 777 71
1735 630 1743 645 ’

263 858 488 969 telligatur,
507 863 573 943 cui
591 888 655 946 res
676 864 824 945 tradita
840 862 933 962 fuit,
951 866 1107 945 etiamsi
1125 864 1300 945 alio'rum
1319 861 1426 943 tituli
1444 876 1628 970 ternpore

266 982 542 1091 praecesserint
560 1010 569 1058 :
586 981 696 1061 unde
724 1011 850 1090 porro
884 988 1086 1092 sequitur,
1109 986 1340 1065 dominium
1373 986 1433 1064 rei
1460 984 1626 1064 mobilis

262 1103 495 1183 translatum
514 1129 598 1180 non
621 1102 790 1207 intelligi
810 1120 995 1210 respectu
1022 1103 1163 1181 habito
1191 1103 1241 1182 ad
1263 1105 1377 1202 alios,
1396 1104 1527 1184 donec
1546 1122 1626 1183 tra-

264 1223 349 1305 dita
375 1250 439 1302 res
474 1222 614 1324 fuerit,
641 1223 810 1328 intelligi
837 1240 973 1301 tamen
1004 1222 1239 1301 translatum
1265 1242 1456 1329 respectu
1491 1224 1629 1305 habito

140 1378 145 1390 ¹
262 1346 424 1425 adeum
445 1345 516 1453 qui
541 1345 587 1422 in
605 1344 909 1425 translationem
936 1345 1021 1455 ejus
1049 1346 1271 1447 consensit,
1295 1360 1336 1423 ct
1361 1372 1485 1455 aquo
1503 1372 1629 1452 porro

262 1464 440 1547 delectus
470 1454 701 1547 traditionis
741 1453 896 1577 opponi
930 1493 1015 1563 non
1049 1470 1211 1577 poterit
1248 1468 1483 1547 Firmantur
1519 1468 1632 1546 insu·

262 1589 441 1697 perhaec
473 1592 684 1699 principiis
715 1591 804 1697 lege
832 1591 1034 1686 admissis,
1064 1616 1158 1668 cum
1179 1589 1230 1669 de
1258 1589 1478 1669 donatione
1502 1614 1630 1696 quaes·

262 1712 323 1789 tio
342 1727 464 1805 esset;
489 1720 628 1788 rerum
649 1713 759 1790 enim
776 1738 867 1821 quae
887 1710 1124 1818 hypothecis
1139 1713 1297 1815 gravari
1315 1728 1502 1819 possunt,
1521 1724 1631 1786 tran·

263 1831 529 1936 scriptionem
559 1833 734 1939 requirit
759 1848 830 1910 art.
871 1829 978 1939 939,
1013 1836 1048 1910 si
1082 1834 1126 1910 in
1165 1831 1387 1941 donatione
1418 1832 1632 1927 venerint,

264 1948 549 2062 delectumque
574 1954 893 2061 transcriptionis
917 1955 1069 2060 opponi
1090 1952 1142 2030 ab
1161 1953 1248 2031 aliis
1267 1979 1352 2030 non
1376 1977 1512 2057 posse,
1539 1952 1635 2029 arti·

264 2073 358 2152 culo
385 2074 459 2181 941
489 2071 703 2153 delinitum
729 2091 815 2172 est;
847 2072 949 2154 adeo
983 2092 1031 2154 ut
1063 2101 1202 2153 rerum
1239 2072 1482 2155 donatarum
1510 2071 1636 2153 domi·

261 2194 379 2273 nium
416 2193 652 2273 translatum
678 2195 927 2302 intelligatur
952 2199 1075 2276 etiam
1106 2197 1194 2276 sine
1223 2196 1536 2300 transcriptione
1574 2219 1638 2269 re-

261 2332 402 2422 spectu
427 2316 564 2394 habito
585 2316 637 2390 ad
654 2345 741 2411 cos,
767 2321 840 2420 qui
860 2318 1062 2393 delectum
1082 2318 1405 2423 transcriptionis
1427 2340 1637 2420 opponere

266 2463 354 2516 non
374 2451 564 2543 possunt,
591 2433 830 2513 translatum
858 2458 955 2514 vero
983 2461 1069 2514 non
1088 2434 1336 2539 intelligatur
1365 2451 1551 2541 respectu
1573 2433 1639 2513 ha·

259 2558 349 2637 bito
370 2556 424 2635 ad
448 2584 537 2657 eos,
554 2557 627 2664 qui
648 2554 851 2635 defectum
876 2560 1199 2665 transcriptionis
1222 2580 1430 2664 opponere
1452 2572 1635 2662 possunt.

205 2735 214 2743 ›
261 2678 496 2759 Firmantur
518 2676 684 2758 demum
708 2696 750 2757 et
770 2678 928 2785 legibus
945 2697 1038 2759 ante
1061 2676 1224 2758 Codicis
1240 2665 1558 2785 publicationem
1577 2676 1638 2752 ri-

266 2800 474 2906 gentibus,
491 2800 551 2881 uti
563 2801 651 2906 lege
670 2800 749 2881 latal
774 2828 815 2881 ιι
837 2804 971 2883 Brum.
991 2802 1088 2882 anni
1108 2801 1206 2902 vll,-
1230 2798 1345 2908 cujus
1362 2824 1525 2879 sensum
1542 2822 1637 2906 pos-

265 2942 353 3030 tea,
376 2924 451 3009 ubi
469 2921 521 3008 de
538 2926 867 3033 transcriptione,
891 2924 1219 3035 explicabimus(
1246 2922 1272 3028 l.

319 3141 399 3226 Sed
422 3140 631 3223 redeamus
659 3136 710 3221 ad
738 3167 785 3222 ea
803 3167 894 3251 quae
910 3143 1118 3241 sententiae
1136 3160 1283 3224 nostrae
1297 3144 1557 3248 objiciuntur.
1578 3167 1585 3182 ·

324 3370 367 3450 Si
388 3395 532 3449 verum
549 3383 667 3464 esset,
684 3367 893 3476 inquiunt,
911 3367 1170 3448 traditionem
1189 3395 1271 3448 non
1291 3365 1462 3475 amplius
1487 3368 1641 3474 requiri

270 3488 325 3582 ad,
353 3489 625 3570 transferenda
655 3516 792 3567 rerum
819 3489 1091 3570 immobilium
1117 3489 1320 3592 dominia,
1345 3487 1396 3570 de
1421 3484 1641 3568 traditione

269 3641 414 3692 rerum-
425 3611 696 3693 immobilium
713 3614 868 3692 mentio
889 3611 1076 3694 habenda
1089 3641 1175 3696 non
1188 3613 1349 3710 luisset3
1374 3612 1486 3719 atqui
1503 3625 1639 3686 tamen

270 3735 321 3815 de
330 3733 545 3815 traditione
562 3738 810 3815 mentionem
821 3733 962 3820 Codex
976 3734 1155 3814 Gallicus
1168 3733 1277 3833 lacit,
1296 3759 1443 3840 nempe
1451 3746 1523 3810 art
1540 3727 1653 3844 1604

274 3873 315 3936 et
331 3856 595 3967 sequentibus
617 3885 627 3934 ι
647 3884 759 3963 ergo,
778 3873 863 3939 etc..
878 3857 958 3938 Sed
977 3857 1119 3938 falsum
1135 3872 1440 3963 argumentum
1461 3877 1639 3958 namque
1741 3872 1744 3878 ’

273 3977 412 4057 Codex
425 3979 602 4058 Gallicus
610 3978 662 4060 de
672 3978 889 4062 traditione
899 3983 1164 4090 tractat,quia
1175 3977 1340 4060 traditio
1349 3975 1572 4055 necessaria
1580 3989 1652 4052 est·

274 4095 326 4176 ad
338 4101 599 4205 possessionis
614 4102 1015 4204 translationem,sed
1028 4119 1165 4184 errant
1182 4103 1254 4214 qui
1273 4099 1434 4198 dicunt,
1454 4123 1543 4176 eam
1564 4121 1636 4174 ne·

305 4323 402 4497 (13)ss
420 4340 479 4392 art.
491 4327 533 4394 26
543 4325 623 4418 legis
634 4327 969 4400 citatae.V.Tma1am
979 4331 1114 4400 dePriv.
1134 4345 1167 4398 et
1177 4331 1261 4420 Hyp.
1272 4344 1350 4395 tom.
1363 4347 1392 4406 a,
1403 4347 1472 4416 cap.
1482 4345 1513 4405 a,
1524 4339 1600 4394 sect.
1614 4344 1643 4402 1,

281 4441 306 4508 ς.
351 4452 406 4513 ,n
426 4453 499 4497 nra.
1513 4451 1519 4463 '
