4509 5875
868 656 1134 731 ernnusto.
1630 660 1679 745 45

307 826 417 903 enim
442 838 541 903 astas
564 816 707 900 debuit
731 834 882 904 mutam
901 836 1085 929 tempora
1102 820 1242 929 sequi,
1259 817 1545 930 dudpatasque
1565 834 1679 903 tene·

306 945 426 1046 bras,
445 944 562 1051 plena
592 942 898 1046 exspectationis
928 960 971 1025 ot
996 938 1307 1044 sollicitudinis,
1336 938 1442 1022 clara
1465 940 1681 1025 mucosis

307 1070 352 1149 in
374 1092 495 1171 omne
512 1088 643 1144 avum
670 1060 891 1143 eventibus.

356 1302 451 1387 Hae
467 1303 524 1381 ita
545 1326 588 1381 se
612 1297 783 1403 habent,
808 1316 944 1411 atque,
969 1316 1018 1381 ut
1041 1300 1086 1379 in
1112 1297 1282 1379 historia
1308 1312 1389 1401 est,
1411 1298 1470 1379 sic
1505 1327 1548 1380 se
1577 1304 1680 1381 anti-

305 1450 438 1535 quum
464 1440 645 1531 tempus,
664 1438 859 1505 neroum
880 1446 1039 1531 semper
1057 1448 1208 1531 gyrum
1226 1418 1413 1523 trahens,
1429 1421 1682 1501 uoluensdi.

305 1548 433 1629 uitem
483 1546 694 1630 eventibus
742 1545 918 1649 orbem,
963 1544 1045 1653 jam
1091 1543 1230 1643 bona,
1268 1542 1353 1649 jam
1394 1542 1500 1625 mala
1535 1589 1589 1604 -
1633 1562 1681 1623 ut

305 1684 468 1777 tempus.
490 1668 667 1771 terebat,
691 1666 928 1768 ostendens,
959 1692 1073 1747 more
1100 1692 1176 1745 suo
1202 1690 1288 1743 sese
1315 1667 1538 1771 reparavit3
1551 1666 1607 1743 ita
1622 1683 1681 1745 ta·

306 1816 433 1891 men,
458 1806 506 1872 ut
531 1816 616 1873 nou
652 1786 794 1869 eadem
831 1790 952 1869 etiam
979 1814 1116 1868 rerum
1152 1784 1322 1866 interior
1359 1776 1586 1895 superesset
1616 1814 1681 1865 ra·

306 1913 376 1991 tio.
403 1910 477 2006 His
498 1911 629 2012 enim,
647 1910 839 2011 latemur,
861 1936 984 2019 parva
1010 1911 1157 2016 gratia,
1177 1925 1219 1989 et
1237 1934 1323 1991 non
1347 1933 1452 2015 opus
1474 1923 1536 1987 est
1556 1909 1681 2013 ‚unda

305 2032 517 2134 machinis,
546 2031 697 2139 quibus
726 2031 876 2114 insulsa
906 2058 996 2143 quae
1021 2050 1114 2115 ante
1143 2029 1389 2112 videbantur
1408 2089 1421 2125 ,
1440 2031 1528 2111 sine
1541 2055 1680 2115 emene

285 2144 468 2236 'datione
509 2170 747 2262 repetamus.
786 2153 1070 2262 Thucydidem
1107 2156 1218 2233 euim
1257 2170 1476 2255 nostrum,
1508 2153 1543 2231 si
1576 2150 1683 2233 bene

305 2274 599 2383 intelligamus,
626 2276 705 2358 hoc
725 2276 899 2359 voluisse
917 2276 1121 2359 credimus
1149 2306 1158 2355 :
1187 2276 1377 2357 Civitates
1402 2277 1459 2353 ita
1477 2300 1564 2356 esse
1583 2301 1680 2354 con·

306 2399 551 2501 stituandas,
580 2399 697 2479 utin
724 2400 793 2501 iis,
821 2427 911 2509 quai
933 2402 1085 2479 civium
1106 2426 1225 2477 causa
1255 2397 1424 2497 adsunt,
1455 2422 1596 2475 omnes
1625 2393 1680 2473 fa·
1742 2496 1746 2504 ι

309 2520 475 2597 cultates
503 2520 688 2595 humanae
706 2518 758 2595 ad
776 2544 1004 2617 summum,
1030 2545 1156 2625 quem
1173 2518 1297 2596 homo
1320 2532 1455 2624 potest
1478 2517 1680 2617 attinere,

309 2637 481 2745 gradum
514 2635 772 2745 perfectionis
803 2637 1015 2743 pervenire
1047 2634 1233 2717 facillime
1260 2639 1441 2745 possint3
1464 2652 1511 2717 nt
1542 2638 1679 2745 itaque

305 2748 393 2841 non
422 2759 522 2839 lines
559 2759 836 2864 angustiores,
862 2782 948 2835 non
977 2772 1083 2835 meta
1121 2756 1306 2863 quaedam
1338 2758 1552 2867 iniquior,
1599 2783 1683 2837 non

157 2979 169 2996 .
308 2881 455 2962 limites
470 2879 699 2958 scribantur
717 2888 800 2955 tam
827 2874 1008 2975 definiti,
1033 2888 1081 2952 ut
1099 2898 1226 2974 non,
1244 2877 1278 2950 si
1298 2877 1400 2982 qnid
1425 2880 1471 2952 ln
1498 2878 1566 2958 illa
1586 2904 1679 2988 por·

310 3003 482 3082 l'ectione
501 2997 717 3108 profecerit
739 2996 859 3099 civis,
881 2993 1067 3076 facillime
1087 2993 1272 3098 extendi,
1290 2993 1336 3074 id
1357 3013 1443 3099 est,
1456 2999 1682 3112 unicuique

306 3109 516 3203 momento
535 3137 576 3200 et
591 3119 786 3226 temporis
806 3133 849 3197 et
867 3115 946 3197 loci
965 3134 1005 3196 et
1022 3115 1256 3196 facultatum
1274 3115 1543 3200 humanarum
1560 3120 1681 3230 adop.

308 3247 385 3324 tari
402 3246 579 3352 possint;
597 3258 645 3320 ut
657 3266 741 3318 uno
762 3238 941 3318 dicamus
960 3237 1155 3340 verbulo,
1168 3240 1501 3322 constitutionem
1508 3245 1681 3326 'civitatis

310 3390 398 3444 eam
427 3391 512 3444 esse
536 3361 708 3462 debere,
734 3376 781 3438 ut
806 3385 900 3437 cum
923 3361 1046 3438 aetatis
1067 3363 1209 3465 genio,
1228 3389 1322 3440 cum
1336 3364 1594 3468 perfectionis
1616 3394 1679 3443 ra.

308 3489 418 3566 tione
448 3481 638 3564 simulet
668 3481 750 3558 uni
778 3482 866 3588 pari
897 3507 1017 3589 passu
1045 3482 1340 3588 progrediatur.
1369 3484 1494 3582 Quod
1531 3487 1565 3564 si
1597 3513 1681 3565 nou

308 3607 468 3708 lecerit,
497 3606 581 3683 sive
608 3618 769 3710 rumpat
793 3603 1025 3711 principum
1049 3617 1290 3709 potestatem
1314 3602 1505 3712 ipsosque
1525 3605 1569 3680 in
1595 3609 1681 3690 rui-

309 3756 402 3810 nam
434 3723 648 3827 detrudat,
677 3726 760 3804 sive
794 3741 922 3804 totam
959 3725 1162 3802 civitatem
1182 3722 1323 3802 solvat
1354 3749 1514 3804 necesse
1543 3743 1680 3829 est,e
1776 3731 1780 3740 “

311 3879 392 3962 qua
418 3852 534 3930 ruina
564 3847 670 3928 salus
707 3863 944 3928 renascatur.
979 3847 1211 3955 Utrumque
1241 3847 1285 3922 in
1324 3847 1473 3924 nostris
1511 3874 1679 3929 couver-

311 3970 495 4052 sionibus
519 3968 767 4050 videbamus.
799 3972 850 4050 Et
871 3969 954 4050 haec
975 3967 1144 4078 quidem
1174 3983 1281 4048 recte
1302 3969 1361 4047 sic
1377 3995 1420 4048 se
1438 3967 1678 4050 habuerunt.

255 4291 260 4304 .
364 4229 508 4336 Neque
532 4251 631 4306 vero
660 4223 801 4306 eadem
822 4202 893 4307 est·
907 4223 1068 4306 illarum
1093 4250 1230 4305 rerum
1245 4201 1377 4337 ,quas
1403 4251 1513 4306 nunc
1537 4243 1679 4325 tracta-

309 4377 426 4452 mus,
448 4351 572 4434 ratio„
588 4345 732 4429 Studia
756 4351 865 4428 enim
887 4350 1035 4430 mtium
1054 4365 1096 4431 et
1112 4348 1311 4450 scientiae,
1333 4347 1456 4430 semel
1474 4351 1676 4458 interrup-

245 4547 248 4556 .
313 4488 373 4576 ta,
393 4470 647 4554 incommoda
674 4471 884 4578 padanus
912 4469 1194 4580 irreparabilia.
1227 4471 1328 4574 Quae
1352 4471 1501 4553 inillis
1529 4470 1676 4551 amitti·
