<?xml version="1.0" encoding="UTF-8"?>
<!DOCTYPE html PUBLIC "-//W3C//DTD XHTML 1.0 Transitional//EN"
    "http://www.w3.org/TR/xhtml1/DTD/xhtml1-transitional.dtd">
<html xmlns="http://www.w3.org/1999/xhtml" xml:lang="en" lang="en">
 <head>
  <title>
</title>
<meta http-equiv="Content-Type" content="text/html;charset=utf-8" />
  <meta name='ocr-system' content='tesseract 3.04.00' />
  <meta name='ocr-capabilities' content='ocr_page ocr_carea ocr_par ocr_line ocrx_word'/>
</head>
<body>
  <div class='ocr_page' id='page_1' title='image "annalesacademia00goog_0341.png"; bbox 0 0 4509 5875; ppageno 0'>
   <div class='ocr_carea' id='block_1_1' title="bbox 694 562 1651 662">
    <p class='ocr_par' dir='ltr' id='par_1_1' title="bbox 694 562 1651 662">
     <span class='ocr_line' id='line_1_1' title="bbox 694 562 1651 662; baseline 0.007 -30"><span class='ocrx_word' id='word_1_1' title='bbox 694 562 990 634; x_wconf 79' lang='lat' dir='ltr'><strong>cnoeaarau</strong></span> <span class='ocrx_word' id='word_1_2' title='bbox 1015 565 1250 636; x_wconf 76' lang='lat' dir='ltr'><strong>raooauu.</strong></span> <span class='ocrx_word' id='word_1_3' title='bbox 1605 572 1651 662; x_wconf 75' lang='lat'><strong>47</strong></span> 
     </span>
    </p>
   </div>
   <div class='ocr_carea' id='block_1_2' title="bbox 161 741 1727 1706">
    <p class='ocr_par' dir='ltr' id='par_1_2' title="bbox 161 741 1727 1706">
     <span class='ocr_line' id='line_1_2' title="bbox 284 741 1653 854; baseline 0.004 -32"><span class='ocrx_word' id='word_1_4' title='bbox 284 743 470 827; x_wconf 86' lang='lat' dir='ltr'><strong>cendum.</strong></span> <span class='ocrx_word' id='word_1_5' title='bbox 503 741 676 824; x_wconf 83' lang='lat' dir='ltr'><strong>Videtur</strong></span> <span class='ocrx_word' id='word_1_6' title='bbox 697 760 974 851; x_wconf 82' lang='lat' dir='ltr'><strong>pervetustum</strong></span> <span class='ocrx_word' id='word_1_7' title='bbox 1001 773 1047 826; x_wconf 88' lang='lat' dir='ltr'><strong>ac</strong></span> <span class='ocrx_word' id='word_1_8' title='bbox 1076 771 1323 854; x_wconf 81' lang='lat' dir='ltr'><strong>paganorum</strong></span> <span class='ocrx_word' id='word_1_9' title='bbox 1356 746 1453 826; x_wconf 90' lang='lat' dir='ltr'><strong>olim</strong></span> <span class='ocrx_word' id='word_1_10' title='bbox 1479 746 1566 828; x_wconf 87' lang='lat' dir='ltr'><strong>Diis</strong></span> <span class='ocrx_word' id='word_1_11' title='bbox 1593 773 1653 828; x_wconf 81' lang='lat' dir='ltr'><strong>aa·</strong></span> 
     </span>
     <span class='ocr_line' id='line_1_3' title="bbox 285 867 1725 980; baseline 0.006 -36"><span class='ocrx_word' id='word_1_12' title='bbox 285 882 438 946; x_wconf 85' lang='lat' dir='ltr'><strong>eratum</strong></span> <span class='ocrx_word' id='word_1_13' title='bbox 462 895 471 943; x_wconf 81' lang='lat' dir='ltr'><em>z</em></span> <span class='ocrx_word' id='word_1_14' title='bbox 499 868 680 948; x_wconf 83' lang='lat' dir='ltr'><strong>Becanus</strong></span> <span class='ocrx_word' id='word_1_15' title='bbox 709 871 725 974; x_wconf 89' lang='lat'>(</span> <span class='ocrx_word' id='word_1_16' title='bbox 737 867 781 970; x_wconf 77' lang='lat' dir='ltr'><strong>r)</strong></span> <span class='ocrx_word' id='word_1_17' title='bbox 814 868 966 952; x_wconf 89' lang='lat' dir='ltr'>ibidem</span> <span class='ocrx_word' id='word_1_18' title='bbox 997 868 1181 950; x_wconf 85' lang='lat' dir='ltr'><strong>Herculis</strong></span> <span class='ocrx_word' id='word_1_19' title='bbox 1208 869 1355 950; x_wconf 74' lang='lat' dir='ltr'><strong>adium</strong></span> <span class='ocrx_word' id='word_1_20' title='bbox 1387 869 1535 952; x_wconf 85' lang='lat' dir='ltr'><strong>rudera</strong></span> <span class='ocrx_word' id='word_1_21' title='bbox 1569 896 1654 968; x_wconf 78' lang='lat' dir='ltr'><strong>sese</strong></span> <span class='ocrx_word' id='word_1_22' title='bbox 1721 973 1725 980; x_wconf 25' lang='grc' dir='ltr'>Ι</span> 
     </span>
     <span class='ocr_line' id='line_1_4' title="bbox 285 986 1662 1099; baseline 0.005 -31"><span class='ocrx_word' id='word_1_23' title='bbox 285 986 432 1070; x_wconf 85' lang='lat' dir='ltr'><strong>vidisse</strong></span> <span class='ocrx_word' id='word_1_24' title='bbox 459 1006 645 1093; x_wconf 76' lang='lat' dir='ltr'><strong>testatur,</strong></span> <span class='ocrx_word' id='word_1_25' title='bbox 659 989 724 1070; x_wconf 81' lang='lat' dir='ltr'><strong>oui</strong></span> <span class='ocrx_word' id='word_1_26' title='bbox 746 990 841 1069; x_wconf 89' lang='lat' dir='ltr'><strong>licet</strong></span> <span class='ocrx_word' id='word_1_27' title='bbox 861 1021 945 1072; x_wconf 91' lang='lat' dir='ltr'><strong>non</strong></span> <span class='ocrx_word' id='word_1_28' title='bbox 971 1019 1130 1099; x_wconf 83' lang='lat' dir='ltr'><strong>semper</strong></span> <span class='ocrx_word' id='word_1_29' title='bbox 1151 991 1470 1098; x_wconf 75' lang='lat' dir='ltr'><strong>assentiendum,</strong></span> <span class='ocrx_word' id='word_1_30' title='bbox 1489 994 1567 1074; x_wconf 86' lang='lat' dir='ltr'><strong>hoe</strong></span> <span class='ocrx_word' id='word_1_31' title='bbox 1594 1012 1662 1074; x_wconf 85' lang='lat' dir='ltr'><strong>ta-·</strong></span> 
     </span>
     <span class='ocr_line' id='line_1_5' title="bbox 161 1099 1652 1231; baseline 0.005 -42"><span class='ocrx_word' id='word_1_32' title='bbox 161 1099 167 1108; x_wconf 71' lang='grc'>’</span> <span class='ocrx_word' id='word_1_33' title='bbox 283 1139 377 1192; x_wconf 87' lang='lat' dir='ltr'><strong>men</strong></span> <span class='ocrx_word' id='word_1_34' title='bbox 409 1112 500 1190; x_wconf 91' lang='lat' dir='ltr'><strong>loco</strong></span> <span class='ocrx_word' id='word_1_35' title='bbox 534 1111 656 1191; x_wconf 85' lang='lat' dir='ltr'><strong>fidem</strong></span> <span class='ocrx_word' id='word_1_36' title='bbox 687 1137 834 1218; x_wconf 81' lang='lat' dir='ltr'><strong>negare</strong></span> <span class='ocrx_word' id='word_1_37' title='bbox 859 1116 1065 1215; x_wconf 78' lang='lat' dir='ltr'><strong>nolumus,</strong></span> <span class='ocrx_word' id='word_1_38' title='bbox 1094 1141 1223 1222; x_wconf 89' lang='lat' dir='ltr'><strong>quum</strong></span> <span class='ocrx_word' id='word_1_39' title='bbox 1246 1113 1446 1222; x_wconf 82' lang='lat' dir='ltr'><strong>lapideam</strong></span> <span class='ocrx_word' id='word_1_40' title='bbox 1478 1145 1652 1231; x_wconf 85' lang='lat' dir='ltr'><strong>eamque</strong></span> 
     </span>
     <span class='ocr_line' id='line_1_6' title="bbox 281 1223 1653 1344; baseline 0.008 -34"><span class='ocrx_word' id='word_1_41' title='bbox 281 1236 490 1342; x_wconf 88' lang='lat' dir='ltr'><strong>antiquam</strong></span> <span class='ocrx_word' id='word_1_42' title='bbox 520 1223 684 1339; x_wconf 71' lang='lat' dir='ltr'><strong>hujusne</strong></span> <span class='ocrx_word' id='word_1_43' title='bbox 709 1236 785 1313; x_wconf 88' lang='lat' dir='ltr'><strong>Dei</strong></span> <span class='ocrx_word' id='word_1_44' title='bbox 813 1233 988 1342; x_wconf 79' lang='lat' dir='ltr'><strong>effigiem</strong></span> <span class='ocrx_word' id='word_1_45' title='bbox 1016 1264 1049 1314; x_wconf 86' lang='lat' dir='ltr'><strong>a.</strong></span> <span class='ocrx_word' id='word_1_46' title='bbox 1087 1234 1181 1332; x_wconf 71' lang='lat'><strong>1541</strong></span> <span class='ocrx_word' id='word_1_47' title='bbox 1215 1238 1443 1318; x_wconf 86' lang='lat' dir='ltr'><strong>invenerint</strong></span> <span class='ocrx_word' id='word_1_48' title='bbox 1472 1240 1538 1344; x_wconf 78' lang='lat' dir='ltr'><strong>(a).</strong></span> <span class='ocrx_word' id='word_1_49' title='bbox 1568 1243 1653 1321; x_wconf 89' lang='lat' dir='ltr'><strong>Nec</strong></span> 
     </span>
     <span class='ocr_line' id='line_1_7' title="bbox 281 1352 1652 1468; baseline 0.007 -37"><span class='ocrx_word' id='word_1_50' title='bbox 281 1352 465 1432; x_wconf 85' lang='lat' dir='ltr'><strong>Herculis</strong></span> <span class='ocrx_word' id='word_1_51' title='bbox 491 1353 617 1434; x_wconf 87' lang='lat' dir='ltr'><strong>modo</strong></span> <span class='ocrx_word' id='word_1_52' title='bbox 642 1384 794 1437; x_wconf 91' lang='lat' dir='ltr'><strong>numen</strong></span> <span class='ocrx_word' id='word_1_53' title='bbox 815 1359 858 1437; x_wconf 92' lang='lat' dir='ltr'><strong>in</strong></span> <span class='ocrx_word' id='word_1_54' title='bbox 884 1357 1185 1468; x_wconf 61' lang='lat' dir='ltr'><strong>Mat-Capella</strong></span> <span class='ocrx_word' id='word_1_55' title='bbox 1213 1357 1449 1464; x_wconf 74' lang='lat' dir='ltr'><strong>collabatur,</strong></span> <span class='ocrx_word' id='word_1_56' title='bbox 1468 1387 1563 1439; x_wconf 89' lang='lat' dir='ltr'><strong>nam</strong></span> <span class='ocrx_word' id='word_1_57' title='bbox 1585 1363 1652 1441; x_wconf 84' lang='lat' dir='ltr'><strong>vel</strong></span> 
     </span>
     <span class='ocr_line' id='line_1_8' title="bbox 279 1477 1727 1587; baseline 0.008 -33"><span class='ocrx_word' id='word_1_58' title='bbox 279 1477 470 1556; x_wconf 87' lang='lat' dir='ltr'><strong>Mercurii</strong></span> <span class='ocrx_word' id='word_1_59' title='bbox 501 1495 673 1558; x_wconf 82' lang='lat' dir='ltr'><strong>statuam</strong></span> <span class='ocrx_word' id='word_1_60' title='bbox 708 1482 756 1559; x_wconf 91' lang='lat' dir='ltr'><strong>D.</strong></span> <span class='ocrx_word' id='word_1_61' title='bbox 790 1481 1114 1587; x_wconf 83' lang='lat' dir='ltr'><strong>Willihrordus,</strong></span> <span class='ocrx_word' id='word_1_62' title='bbox 1143 1481 1216 1562; x_wconf 90' lang='lat' dir='ltr'><strong>ubi</strong></span> <span class='ocrx_word' id='word_1_63' title='bbox 1243 1485 1287 1563; x_wconf 90' lang='lat' dir='ltr'><strong>in</strong></span> <span class='ocrx_word' id='word_1_64' title='bbox 1316 1482 1557 1566; x_wconf 85' lang='lat' dir='ltr'><strong>Walacriam</strong></span> <span class='ocrx_word' id='word_1_65' title='bbox 1583 1510 1652 1565; x_wconf 85' lang='lat' dir='ltr'><strong>ve·</strong></span> <span class='ocrx_word' id='word_1_66' title='bbox 1725 1521 1727 1529; x_wconf 93' lang='lat'>·</span> 
     </span>
     <span class='ocr_line' id='line_1_9' title="bbox 281 1598 977 1706; baseline 0.007 -30"><span class='ocrx_word' id='word_1_67' title='bbox 281 1616 415 1706; x_wconf 80' lang='lat' dir='ltr'><strong>uerat,</strong></span> <span class='ocrx_word' id='word_1_68' title='bbox 436 1598 643 1684; x_wconf 82' lang='lat' dir='ltr'><strong>dextruxit</strong></span> <span class='ocrx_word' id='word_1_69' title='bbox 668 1601 755 1706; x_wconf 76' lang='lat'>(3):</span> <span class='ocrx_word' id='word_1_70' title='bbox 796 1611 800 1619; x_wconf 87' lang='lat'>·</span> <span class='ocrx_word' id='word_1_71' title='bbox 930 1661 934 1668; x_wconf 84' lang='lat'>.</span> <span class='ocrx_word' id='word_1_72' title='bbox 973 1651 977 1658; x_wconf 93' lang='lat'>-</span> 
     </span>
    </p>
   </div>
   <div class='ocr_carea' id='block_1_3' title="bbox 556 1793 1238 2260">
    <p class='ocr_par' dir='ltr' id='par_1_3' title="bbox 561 1793 1102 1871">
     <span class='ocr_line' id='line_1_10' title="bbox 561 1793 1102 1871; baseline 0.002 -21"><span class='ocrx_word' id='word_1_73' title='bbox 561 1795 615 1851; x_wconf 79' lang='lat' dir='ltr'><strong>Tot</strong></span> <span class='ocrx_word' id='word_1_74' title='bbox 631 1793 878 1869; x_wconf 78' lang='lat' dir='ltr'><strong>Wese-Cappelea</strong></span> <span class='ocrx_word' id='word_1_75' title='bbox 894 1795 949 1852; x_wconf 78' lang='lat' dir='ltr'><strong>dat</strong></span> <span class='ocrx_word' id='word_1_76' title='bbox 965 1795 1000 1851; x_wconf 81' lang='grc' dir='ltr'><strong>1ιί</strong></span> <span class='ocrx_word' id='word_1_77' title='bbox 1013 1813 1102 1871; x_wconf 77' lang='lat' dir='ltr'><strong>quam</strong></span> 
     </span>
    </p>

    <p class='ocr_par' dir='ltr' id='par_1_4' title="bbox 557 1876 1145 2063">
     <span class='ocr_line' id='line_1_11' title="bbox 557 1876 1145 1950; baseline 0 -2"><span class='ocrx_word' id='word_1_78' title='bbox 557 1893 640 1948; x_wconf 73' lang='lat' dir='ltr'><strong>noer</strong></span> <span class='ocrx_word' id='word_1_79' title='bbox 656 1890 691 1945; x_wconf 76' lang='lat' dir='ltr'><strong>hi</strong></span> <span class='ocrx_word' id='word_1_80' title='bbox 706 1892 892 1949; x_wconf 72' lang='lat' dir='ltr'><strong>aenaedende</strong></span> <span class='ocrx_word' id='word_1_81' title='bbox 912 1911 1033 1950; x_wconf 85' lang='lat' dir='ltr'><strong>uemam</strong></span> <span class='ocrx_word' id='word_1_82' title='bbox 1141 1876 1145 1904; x_wconf 61' lang='lat'>²</span> 
     </span>
     <span class='ocr_line' id='line_1_12' title="bbox 557 1987 1120 2063; baseline 0.004 -19"><span class='ocrx_word' id='word_1_83' title='bbox 557 1987 732 2044; x_wconf 68' lang='lat' dir='ltr'><strong>Hercun&#39;oae</strong></span> <span class='ocrx_word' id='word_1_84' title='bbox 745 2005 811 2045; x_wconf 77' lang='lat' dir='ltr'><strong>ovar</strong></span> <span class='ocrx_word' id='word_1_85' title='bbox 830 2005 900 2046; x_wconf 80' lang='lat' dir='ltr'><strong>eene</strong></span> <span class='ocrx_word' id='word_1_86' title='bbox 914 1991 978 2063; x_wconf 77' lang='lat' dir='ltr'><strong>god</strong></span> <span class='ocrx_word' id='word_1_87' title='bbox 1116 2007 1120 2015; x_wconf 91' lang='lat'>·</span> 
     </span>
    </p>

    <p class='ocr_par' dir='ltr' id='par_1_5' title="bbox 556 2084 1238 2260">
     <span class='ocr_line' id='line_1_13' title="bbox 557 2084 1238 2160; baseline 0.007 -22"><span class='ocrx_word' id='word_1_88' title='bbox 557 2085 620 2138; x_wconf 79' lang='lat' dir='ltr'><strong>Dat</strong></span> <span class='ocrx_word' id='word_1_89' title='bbox 635 2084 733 2140; x_wconf 81' lang='lat' dir='ltr'><strong>beelde</strong></span> <span class='ocrx_word' id='word_1_90' title='bbox 751 2085 824 2141; x_wconf 80' lang='lat' dir='ltr'><strong>door</strong></span> <span class='ocrx_word' id='word_1_91' title='bbox 836 2103 890 2142; x_wconf 81' lang='lat' dir='ltr'><strong>ons</strong></span> <span class='ocrx_word' id='word_1_92' title='bbox 910 2085 997 2142; x_wconf 76' lang='lat' dir='ltr'><strong>lieren</strong></span> <span class='ocrx_word' id='word_1_93' title='bbox 1015 2086 1112 2160; x_wconf 80' lang='lat' dir='ltr'><strong>gebod</strong></span> <span class='ocrx_word' id='word_1_94' title='bbox 1232 2117 1238 2124; x_wconf 95' lang='lat'>·</span> 
     </span>
     <span class='ocr_line' id='line_1_14' title="bbox 556 2179 1191 2260; baseline 0.011 -26"><span class='ocrx_word' id='word_1_95' title='bbox 556 2179 633 2236; x_wconf 75' lang='lat' dir='ltr'><strong>om</strong></span> <span class='ocrx_word' id='word_1_96' title='bbox 646 2179 696 2250; x_wconf 73' lang='lat' dir='ltr'><strong>hi,</strong></span> <span class='ocrx_word' id='word_1_97' title='bbox 716 2183 792 2238; x_wconf 73' lang='lat' dir='ltr'><strong>ende</strong></span> <span class='ocrx_word' id='word_1_98' title='bbox 815 2181 896 2240; x_wconf 80' lang='lat' dir='ltr'><strong>Ioevee</strong></span> <span class='ocrx_word' id='word_1_99' title='bbox 917 2183 1191 2260; x_wconf 59' lang='lat' dir='ltr'><strong>vossgesmnden.</strong></span> 
     </span>
    </p>
   </div>
   <div class='ocr_carea' id='block_1_4' title="bbox 283 2348 1647 2587">
    <p class='ocr_par' dir='ltr' id='par_1_6' title="bbox 283 2348 1647 2587">
     <span class='ocr_line' id='line_1_15' title="bbox 332 2348 1647 2460; baseline 0.007 -32"><span class='ocrx_word' id='word_1_100' title='bbox 332 2349 437 2428; x_wconf 89' lang='lat' dir='ltr'><strong>Hinc</strong></span> <span class='ocrx_word' id='word_1_101' title='bbox 469 2366 593 2458; x_wconf 83' lang='lat' dir='ltr'><strong>patet,</strong></span> <span class='ocrx_word' id='word_1_102' title='bbox 622 2348 770 2431; x_wconf 86' lang='lat' dir='ltr'><strong>urbem</strong></span> <span class='ocrx_word' id='word_1_103' title='bbox 806 2355 955 2460; x_wconf 86' lang='lat' dir='ltr'><strong>primas</strong></span> <span class='ocrx_word' id='word_1_104' title='bbox 984 2354 1029 2434; x_wconf 92' lang='lat' dir='ltr'><strong>in</strong></span> <span class='ocrx_word' id='word_1_105' title='bbox 1057 2370 1142 2433; x_wconf 86' lang='lat' dir='ltr'><strong>tota</strong></span> <span class='ocrx_word' id='word_1_106' title='bbox 1166 2351 1365 2434; x_wconf 84' lang='lat' dir='ltr'><strong>Walacria</strong></span> <span class='ocrx_word' id='word_1_107' title='bbox 1393 2356 1568 2436; x_wconf 86' lang='lat' dir='ltr'><strong>tenuisse</strong></span> <span class='ocrx_word' id='word_1_108' title='bbox 1594 2355 1647 2437; x_wconf 91' lang='lat' dir='ltr'><strong>ad</strong></span> 
     </span>
     <span class='ocr_line' id='line_1_16' title="bbox 283 2469 1455 2587; baseline 0.01 -40"><span class='ocrx_word' id='word_1_109' title='bbox 283 2469 327 2548; x_wconf 91' lang='lat' dir='ltr'><strong>id</strong></span> <span class='ocrx_word' id='word_1_110' title='bbox 351 2497 482 2577; x_wconf 87' lang='lat' dir='ltr'><strong>usque</strong></span> <span class='ocrx_word' id='word_1_111' title='bbox 508 2477 719 2577; x_wconf 71' lang='lat' dir='ltr'><strong>temporis,</strong></span> <span class='ocrx_word' id='word_1_112' title='bbox 746 2499 832 2580; x_wconf 84' lang='lat' dir='ltr'><strong>quo</strong></span> <span class='ocrx_word' id='word_1_113' title='bbox 855 2477 1138 2587; x_wconf 69' lang='lat' dir='ltr'><strong>Medio-Berge</strong></span> <span class='ocrx_word' id='word_1_114' title='bbox 1156 2475 1333 2558; x_wconf 84' lang='lat' dir='ltr'>cedebat.</span> <span class='ocrx_word' id='word_1_115' title='bbox 1376 2501 1392 2520; x_wconf 64' lang='lat'><strong>&#39;⁴</strong></span> <span class='ocrx_word' id='word_1_116' title='bbox 1449 2489 1455 2503; x_wconf 93' lang='lat'>&#39;</span> 
     </span>
    </p>
   </div>
   <div class='ocr_carea' id='block_1_5' title="bbox 212 2651 1691 3751">
    <p class='ocr_par' dir='ltr' id='par_1_7' title="bbox 212 2651 1691 3751">
     <span class='ocr_line' id='line_1_17' title="bbox 332 2651 1691 2774; baseline 0.005 -32"><span class='ocrx_word' id='word_1_117' title='bbox 332 2651 626 2768; x_wconf 71' lang='lat' dir='ltr'><strong>Demiurgum,</strong></span> <span class='ocrx_word' id='word_1_118' title='bbox 657 2661 855 2770; x_wconf 87' lang='lat' dir='ltr'><strong>oppidum</strong></span> <span class='ocrx_word' id='word_1_119' title='bbox 879 2665 1087 2744; x_wconf 81' lang='lat' dir='ltr'><strong>Walacriae</strong></span> <span class='ocrx_word' id='word_1_120' title='bbox 1102 2671 1337 2772; x_wconf 79' lang='lat' dir='ltr'><strong>antiquum,</strong></span> <span class='ocrx_word' id='word_1_121' title='bbox 1356 2667 1468 2774; x_wconf 82' lang='lat' dir='ltr'><strong>cujus</strong></span> <span class='ocrx_word' id='word_1_122' title='bbox 1496 2691 1648 2748; x_wconf 86' lang='lat' dir='ltr'><strong>nomen</strong></span> <span class='ocrx_word' id='word_1_123' title='bbox 1688 2693 1691 2702; x_wconf 55' lang='lat'>¹</span> 
     </span>
     <span class='ocr_line' id='line_1_18' title="bbox 276 2779 1647 2896; baseline 0.007 -35"><span class='ocrx_word' id='word_1_124' title='bbox 276 2779 345 2861; x_wconf 90' lang='lat' dir='ltr'><strong>alii</strong></span> <span class='ocrx_word' id='word_1_125' title='bbox 384 2811 407 2861; x_wconf 85' lang='lat' dir='ltr'><strong>a</strong></span> <span class='ocrx_word' id='word_1_126' title='bbox 441 2785 677 2863; x_wconf 89' lang='lat' dir='ltr'><strong>Latinorum</strong></span> <span class='ocrx_word' id='word_1_127' title='bbox 714 2784 920 2882; x_wconf 85' lang='lat' dir='ltr'><strong>vocabulis</strong></span> <span class='ocrx_word' id='word_1_128' title='bbox 959 2789 1334 2896; x_wconf 56' lang='lat' dir='ltr'><strong>nominatim,</strong></span> <span class='ocrx_word' id='word_1_129' title='bbox 1360 2787 1428 2874; x_wconf 79' lang='lat' dir='ltr'><strong>alii</strong></span> <span class='ocrx_word' id='word_1_130' title='bbox 1464 2817 1488 2868; x_wconf 87' lang='lat' dir='ltr'><strong>a</strong></span> <span class='ocrx_word' id='word_1_131' title='bbox 1526 2790 1558 2870; x_wconf 89' lang='lat' dir='ltr'>F</span> <span class='ocrx_word' id='word_1_132' title='bbox 1561 2788 1647 2870; x_wconf 89' lang='lat' dir='ltr'><strong>lan·</strong></span> 
     </span>
     <span class='ocr_line' id='line_1_19' title="bbox 277 2903 1645 3019; baseline 0.006 -34"><span class='ocrx_word' id='word_1_133' title='bbox 277 2903 448 2986; x_wconf 88' lang='lat' dir='ltr'><strong>drorum</strong></span> <span class='ocrx_word' id='word_1_134' title='bbox 470 2907 751 3013; x_wconf 62' lang='lat' dir='ltr'><strong>Dmassmgtt</strong></span> <span class='ocrx_word' id='word_1_135' title='bbox 765 2910 849 3012; x_wconf 87' lang='lat' dir='ltr'><strong>(arx</strong></span> <span class='ocrx_word' id='word_1_136' title='bbox 878 2907 922 2985; x_wconf 92' lang='lat' dir='ltr'><strong>in</strong></span> <span class='ocrx_word' id='word_1_137' title='bbox 941 2908 1075 2987; x_wconf 81' lang='lat' dir='ltr'><strong>littore</strong></span> <span class='ocrx_word' id='word_1_138' title='bbox 1095 2909 1184 3011; x_wconf 87' lang='lat' dir='ltr'><strong>sita)</strong></span> <span class='ocrx_word' id='word_1_139' title='bbox 1204 2908 1412 2990; x_wconf 85' lang='lat' dir='ltr'><strong>deducunt</strong></span> <span class='ocrx_word' id='word_1_140' title='bbox 1430 2910 1498 3019; x_wconf 61' lang='lat' dir='ltr'><strong>(A).</strong></span> <span class='ocrx_word' id='word_1_141' title='bbox 1512 2911 1645 3014; x_wconf 89' lang='lat' dir='ltr'><strong>Quid·</strong></span> 
     </span>
     <span class='ocr_line' id='line_1_20' title="bbox 276 3023 1644 3142; baseline 0.011 -42"><span class='ocrx_word' id='word_1_142' title='bbox 276 3026 382 3135; x_wconf 82' lang='lat' dir='ltr'><strong>quid</strong></span> <span class='ocrx_word' id='word_1_143' title='bbox 416 3030 488 3127; x_wconf 78' lang='lat' dir='ltr'><strong>ait,</strong></span> <span class='ocrx_word' id='word_1_144' title='bbox 521 3023 743 3105; x_wconf 80' lang='lat' dir='ltr'><strong>Castellum</strong></span> <span class='ocrx_word' id='word_1_145' title='bbox 780 3023 998 3126; x_wconf 76' lang='lat' dir='ltr'><strong>habemus,</strong></span> <span class='ocrx_word' id='word_1_146' title='bbox 1024 3027 1069 3104; x_wconf 90' lang='lat' dir='ltr'><strong>in</strong></span> <span class='ocrx_word' id='word_1_147' title='bbox 1099 3026 1235 3107; x_wconf 83' lang='lat' dir='ltr'><strong>littore</strong></span> <span class='ocrx_word' id='word_1_148' title='bbox 1263 3031 1495 3134; x_wconf 80' lang='lat' dir='ltr'><strong>eonditum,</strong></span> <span class='ocrx_word' id='word_1_149' title='bbox 1532 3034 1644 3142; x_wconf 90' lang='lat' dir='ltr'><strong>quod</strong></span> 
     </span>
     <span class='ocr_line' id='line_1_21' title="bbox 279 3146 1646 3257; baseline 0.003 -30"><span class='ocrx_word' id='word_1_150' title='bbox 279 3148 458 3227; x_wconf 81' lang='lat' dir='ltr'><strong>inventis</strong></span> <span class='ocrx_word' id='word_1_151' title='bbox 495 3146 555 3226; x_wconf 93' lang='lat' dir='ltr'><strong>ibi</strong></span> <span class='ocrx_word' id='word_1_152' title='bbox 586 3148 860 3227; x_wconf 84' lang='lat' dir='ltr'><strong>monumentis</strong></span> <span class='ocrx_word' id='word_1_153' title='bbox 888 3148 1170 3257; x_wconf 78' lang='lat' dir='ltr'><strong>antiquitatem</strong></span> <span class='ocrx_word' id='word_1_154' title='bbox 1197 3174 1310 3228; x_wconf 86' lang='lat' dir='ltr'><strong>suam</strong></span> <span class='ocrx_word' id='word_1_155' title='bbox 1336 3154 1513 3230; x_wconf 74' lang='lat' dir='ltr'><strong>metatur.</strong></span> <span class='ocrx_word' id='word_1_156' title='bbox 1542 3154 1646 3231; x_wconf 85' lang='lat' dir='ltr'><strong>Nam</strong></span> 
     </span>
     <span class='ocr_line' id='line_1_22' title="bbox 279 3270 1645 3376; baseline 0.004 -29"><span class='ocrx_word' id='word_1_157' title='bbox 279 3295 365 3347; x_wconf 92' lang='lat' dir='ltr'><strong>non</strong></span> <span class='ocrx_word' id='word_1_158' title='bbox 416 3284 575 3349; x_wconf 86' lang='lat' dir='ltr'><strong>tantum</strong></span> <span class='ocrx_word' id='word_1_159' title='bbox 611 3270 840 3372; x_wconf 79' lang='lat' dir='ltr'><strong>Antonini,</strong></span> <span class='ocrx_word' id='word_1_160' title='bbox 871 3271 1113 3374; x_wconf 75' lang='lat' dir='ltr'><strong>Maximini,</strong></span> <span class='ocrx_word' id='word_1_161' title='bbox 1156 3272 1409 3376; x_wconf 78' lang='lat' dir='ltr'><strong>Posthumii,</strong></span> <span class='ocrx_word' id='word_1_162' title='bbox 1447 3274 1645 3360; x_wconf 73' lang='lat' dir='ltr'><strong>Victorini</strong></span> 
     </span>
     <span class='ocr_line' id='line_1_23' title="bbox 212 3388 1646 3503; baseline 0.007 -35"><span class='ocrx_word' id='word_1_163' title='bbox 212 3406 218 3415; x_wconf 82' lang='grc'>’</span> <span class='ocrx_word' id='word_1_164' title='bbox 278 3389 533 3501; x_wconf 85' lang='lat' dir='ltr'><strong>aliorumque</strong></span> <span class='ocrx_word' id='word_1_165' title='bbox 568 3393 832 3489; x_wconf 74' lang='lat' dir='ltr'><strong>numismata3</strong></span> <span class='ocrx_word' id='word_1_166' title='bbox 857 3420 1000 3474; x_wconf 78' lang='lat' dir='ltr'><strong>rerum</strong></span> <span class='ocrx_word' id='word_1_167' title='bbox 1035 3395 1156 3475; x_wconf 80' lang='lat' dir='ltr'><strong>etiam</strong></span> <span class='ocrx_word' id='word_1_168' title='bbox 1185 3393 1333 3477; x_wconf 78' lang='lat' dir='ltr'><strong>adium</strong></span> <span class='ocrx_word' id='word_1_169' title='bbox 1363 3388 1646 3503; x_wconf 55' lang='lat' dir='ltr'><strong>lrrndamenta5</strong></span> 
     </span>
     <span class='ocr_line' id='line_1_24' title="bbox 278 3511 1643 3629; baseline 0.007 -40"><span class='ocrx_word' id='word_1_170' title='bbox 278 3511 436 3591; x_wconf 85' lang='lat' dir='ltr'><strong>viarum</strong></span> <span class='ocrx_word' id='word_1_171' title='bbox 464 3530 633 3618; x_wconf 75' lang='lat' dir='ltr'><strong>tractus,</strong></span> <span class='ocrx_word' id='word_1_172' title='bbox 663 3514 776 3595; x_wconf 81' lang='lat' dir='ltr'><strong>foseoe</strong></span> <span class='ocrx_word' id='word_1_173' title='bbox 806 3542 851 3593; x_wconf 85' lang='lat' dir='ltr'><strong>ac</strong></span> <span class='ocrx_word' id='word_1_174' title='bbox 880 3516 1089 3624; x_wconf 79' lang='lat' dir='ltr'><strong>sepulchra</strong></span> <span class='ocrx_word' id='word_1_175' title='bbox 1127 3518 1248 3625; x_wconf 83' lang='lat' dir='ltr'><strong>longe</strong></span> <span class='ocrx_word' id='word_1_176' title='bbox 1279 3518 1445 3629; x_wconf 86' lang='lat' dir='ltr'><strong>lateque</strong></span> <span class='ocrx_word' id='word_1_177' title='bbox 1468 3522 1643 3628; x_wconf 85' lang='lat' dir='ltr'><strong>patentia</strong></span> 
     </span>
     <span class='ocr_line' id='line_1_25' title="bbox 278 3632 1641 3751; baseline 0.007 -37"><span class='ocrx_word' id='word_1_178' title='bbox 278 3632 337 3713; x_wconf 85' lang='lat' dir='ltr'><strong>ibi</strong></span> <span class='ocrx_word' id='word_1_179' title='bbox 358 3637 522 3717; x_wconf 88' lang='lat' dir='ltr'><strong>inventa</strong></span> <span class='ocrx_word' id='word_1_180' title='bbox 546 3637 686 3735; x_wconf 73' lang='lat' dir='ltr'><strong>luer03</strong></span> <span class='ocrx_word' id='word_1_181' title='bbox 713 3654 762 3717; x_wconf 90' lang='lat' dir='ltr'><strong>ut</strong></span> <span class='ocrx_word' id='word_1_182' title='bbox 789 3665 874 3718; x_wconf 90' lang='lat' dir='ltr'><strong>non</strong></span> <span class='ocrx_word' id='word_1_183' title='bbox 902 3641 997 3741; x_wconf 82' lang='lat' dir='ltr'><strong>vici,</strong></span> <span class='ocrx_word' id='word_1_184' title='bbox 1023 3639 1095 3720; x_wconf 84' lang='lat' dir='ltr'><strong>sed</strong></span> <span class='ocrx_word' id='word_1_185' title='bbox 1118 3665 1270 3747; x_wconf 81' lang='lat' dir='ltr'><strong>magnae</strong></span> <span class='ocrx_word' id='word_1_186' title='bbox 1292 3641 1502 3751; x_wconf 79' lang='lat' dir='ltr'><strong>eujusdam</strong></span> <span class='ocrx_word' id='word_1_187' title='bbox 1527 3643 1641 3723; x_wconf 81' lang='lat' dir='ltr'><strong>urbia</strong></span> 
     </span>
    </p>
   </div>
   <div class='ocr_carea' id='block_1_6' title="bbox 277 3852 1641 4053">
    <p class='ocr_par' dir='ltr' id='par_1_8' title="bbox 277 3852 1641 4053">
     <span class='ocr_line' id='line_1_26' title="bbox 321 3852 1641 3952; baseline 0.007 -33"><span class='ocrx_word' id='word_1_188' title='bbox 321 3852 370 3939; x_wconf 89' lang='lat'><strong>(1)</strong></span> <span class='ocrx_word' id='word_1_189' title='bbox 391 3856 452 3943; x_wconf 75' lang='lat' dir='ltr'><strong>Ap.</strong></span> <span class='ocrx_word' id='word_1_190' title='bbox 467 3856 678 3928; x_wconf 65' lang='lat' dir='ltr'><strong>Dauliocuns</strong></span> <span class='ocrx_word' id='word_1_191' title='bbox 688 3855 876 3924; x_wconf 61' lang='lat' dir='ltr'><strong>Mimaeour.</strong></span> <span class='ocrx_word' id='word_1_192' title='bbox 890 3856 965 3945; x_wconf 79' lang='lat' dir='ltr'><strong>(eur</strong></span> <span class='ocrx_word' id='word_1_193' title='bbox 980 3861 1027 3927; x_wconf 79' lang='lat' dir='ltr'><strong>lea</strong></span> <span class='ocrx_word' id='word_1_194' title='bbox 1042 3861 1132 3927; x_wconf 85' lang='lat' dir='ltr'><strong>lieux</strong></span> <span class='ocrx_word' id='word_1_195' title='bbox 1147 3863 1276 3952; x_wconf 70' lang='lat' dir='ltr'><strong>reputit</strong></span> <span class='ocrx_word' id='word_1_196' title='bbox 1291 3884 1420 3929; x_wconf 83' lang='lat' dir='ltr'><strong>comme</strong></span> <span class='ocrx_word' id='word_1_197' title='bbox 1439 3863 1531 3931; x_wconf 80' lang='lat' dir='ltr'><strong>rillet</strong></span> <span class='ocrx_word' id='word_1_198' title='bbox 1545 3879 1641 3937; x_wconf 74' lang='lat' dir='ltr'><strong>arant</strong></span> 
     </span>
     <span class='ocr_line' id='line_1_27' title="bbox 277 3955 847 4053; baseline 0.014 -33"><span class='ocrx_word' id='word_1_199' title='bbox 277 3955 310 4021; x_wconf 87' lang='lat' dir='ltr'><strong>le</strong></span> <span class='ocrx_word' id='word_1_200' title='bbox 322 3958 424 4023; x_wconf 69' lang='lat' dir='ltr'><strong>vum</strong></span> <span class='ocrx_word' id='word_1_201' title='bbox 437 3960 559 4048; x_wconf 73' lang='lat' dir='ltr'><strong>siecle)</strong></span> <span class='ocrx_word' id='word_1_202' title='bbox 576 3982 617 4027; x_wconf 87' lang='lat' dir='ltr'><strong>en</strong></span> <span class='ocrx_word' id='word_1_203' title='bbox 635 3963 733 4049; x_wconf 85' lang='lat'>1768,</span> <span class='ocrx_word' id='word_1_204' title='bbox 745 3986 777 4053; x_wconf 84' lang='lat' dir='ltr'><strong>p.</strong></span> <span class='ocrx_word' id='word_1_205' title='bbox 794 3964 847 4030; x_wconf 82' lang='lat'><strong>30.</strong></span> 
     </span>
    </p>
   </div>
   <div class='ocr_carea' id='block_1_7' title="bbox 322 4075 1531 4301">
    <p class='ocr_par' dir='ltr' id='par_1_9' title="bbox 322 4075 1531 4301">
     <span class='ocr_line' id='line_1_28' title="bbox 322 4075 1531 4175; baseline 0.01 -33"><span class='ocrx_word' id='word_1_206' title='bbox 322 4075 370 4165; x_wconf 80' lang='lat' dir='ltr'><strong>(a)</strong></span> <span class='ocrx_word' id='word_1_207' title='bbox 393 4080 541 4146; x_wconf 73' lang='lat' dir='ltr'><strong>Gauron.</strong></span> <span class='ocrx_word' id='word_1_208' title='bbox 552 4084 671 4147; x_wconf 75' lang='lat' dir='ltr'><strong>Aeuad.</strong></span> <span class='ocrx_word' id='word_1_209' title='bbox 693 4087 820 4152; x_wconf 76' lang='lat' dir='ltr'><strong>Walcli.</strong></span> <span class='ocrx_word' id='word_1_210' title='bbox 832 4088 862 4164; x_wconf 87' lang='lat'><strong>1,</strong></span> <span class='ocrx_word' id='word_1_211' title='bbox 874 4110 908 4175; x_wconf 86' lang='lat' dir='ltr'><strong>p.</strong></span> <span class='ocrx_word' id='word_1_212' title='bbox 925 4087 996 4153; x_wconf 75' lang='lat'><strong>186.</strong></span> <span class='ocrx_word' id='word_1_213' title='bbox 1008 4090 1216 4169; x_wconf 70' lang='lat' dir='ltr'><strong>etvanros,</strong></span> <span class='ocrx_word' id='word_1_214' title='bbox 1232 4090 1273 4155; x_wconf 85' lang='lat' dir='ltr'><strong>ab</strong></span> <span class='ocrx_word' id='word_1_215' title='bbox 1290 4091 1405 4155; x_wconf 79' lang='lat' dir='ltr'><strong>Hilma</strong></span> <span class='ocrx_word' id='word_1_216' title='bbox 1421 4087 1531 4155; x_wconf 84' lang='lat' dir='ltr'><strong>laudd.</strong></span> 
     </span>
     <span class='ocr_line' id='line_1_29' title="bbox 323 4198 1250 4301; baseline 0.013 -38"><span class='ocrx_word' id='word_1_217' title='bbox 323 4198 371 4285; x_wconf 80' lang='lat'><strong>(3)</strong></span> <span class='ocrx_word' id='word_1_218' title='bbox 393 4200 568 4267; x_wconf 77' lang='lat' dir='ltr'><strong>Referente</strong></span> <span class='ocrx_word' id='word_1_219' title='bbox 582 4206 721 4270; x_wconf 75' lang='lat' dir='ltr'><strong>Srrocmo</strong></span> <span class='ocrx_word' id='word_1_220' title='bbox 738 4208 774 4271; x_wconf 92' lang='lat' dir='ltr'><strong>in</strong></span> <span class='ocrx_word' id='word_1_221' title='bbox 790 4209 911 4275; x_wconf 88' lang='lat' dir='ltr'><strong>Chron.</strong></span> <span class='ocrx_word' id='word_1_222' title='bbox 928 4212 1011 4277; x_wconf 82' lang='lat' dir='ltr'><strong>ada.</strong></span> <span class='ocrx_word' id='word_1_223' title='bbox 1027 4211 1094 4298; x_wconf 67' lang='lat'><strong>694</strong></span> <span class='ocrx_word' id='word_1_224' title='bbox 1112 4236 1146 4301; x_wconf 86' lang='lat' dir='ltr'><strong>p.</strong></span> <span class='ocrx_word' id='word_1_225' title='bbox 1245 4230 1250 4233; x_wconf 85' lang='lat'>·</span> 
     </span>
    </p>
   </div>
   <div class='ocr_carea' id='block_1_8' title="bbox 276 4320 1638 4536">
    <p class='ocr_par' dir='ltr' id='par_1_10' title="bbox 276 4320 1638 4536">
     <span class='ocr_line' id='line_1_30' title="bbox 323 4320 1638 4440; baseline 0 -23"><span class='ocrx_word' id='word_1_226' title='bbox 323 4337 372 4425; x_wconf 74' lang='grc'><strong>(4)</strong></span> <span class='ocrx_word' id='word_1_227' title='bbox 393 4341 515 4405; x_wconf 64' lang='grc' dir='ltr'><strong>ΗΜΛ</strong></span> <span class='ocrx_word' id='word_1_228' title='bbox 548 4342 630 4407; x_wconf 84' lang='lat' dir='ltr'><strong>Dict.</strong></span> <span class='ocrx_word' id='word_1_229' title='bbox 650 4342 754 4431; x_wconf 76' lang='lat' dir='ltr'><strong>ge&#39;ogr.</strong></span> <span class='ocrx_word' id='word_1_230' title='bbox 777 4368 803 4412; x_wconf 81' lang='grc' dir='ltr'><strong>ε.</strong></span> <span class='ocrx_word' id='word_1_231' title='bbox 829 4370 859 4413; x_wconf 83' lang='lat' dir='ltr'><strong>v.</strong></span> <span class='ocrx_word' id='word_1_232' title='bbox 877 4386 920 4402; x_wconf 89' lang='lat'>-</span> <span class='ocrx_word' id='word_1_233' title='bbox 934 4354 1103 4417; x_wconf 73' lang='lat' dir='ltr'><strong>Bornomr.</strong></span> <span class='ocrx_word' id='word_1_234' title='bbox 1129 4352 1242 4417; x_wconf 71' lang='lat' dir='ltr'><strong>cama.</strong></span> <span class='ocrx_word' id='word_1_235' title='bbox 1261 4347 1423 4431; x_wconf 75' lang='lat' dir='ltr'><strong>Zoelaad,</strong></span> <span class='ocrx_word' id='word_1_236' title='bbox 1445 4374 1478 4440; x_wconf 92' lang='lat' dir='ltr'><strong>p.</strong></span> <span class='ocrx_word' id='word_1_237' title='bbox 1503 4320 1638 4437; x_wconf 51' lang='lat'><em>289(-</em></span> 
     </span>
     <span class='ocr_line' id='line_1_31' title="bbox 276 4443 1358 4536; baseline -0.004 -29"><span class='ocrx_word' id='word_1_238' title='bbox 276 4443 509 4511; x_wconf 76' lang='lat' dir='ltr'><strong>Snttaoare.</strong></span> <span class='ocrx_word' id='word_1_239' title='bbox 527 4444 738 4536; x_wconf 52' lang='lat' dir='ltr'><strong>Chronjkffl.</strong></span> <span class='ocrx_word' id='word_1_240' title='bbox 756 4448 831 4516; x_wconf 78' lang='lat'><strong>631.</strong></span> <span class='ocrx_word' id='word_1_241' title='bbox 900 4493 906 4505; x_wconf 90' lang='lat'><em>.</em></span> <span class='ocrx_word' id='word_1_242' title='bbox 1014 4484 1019 4494; x_wconf 84' lang='lat'><em>·</em></span> <span class='ocrx_word' id='word_1_243' title='bbox 1213 4494 1214 4499; x_wconf 61' lang='grc'>,</span> <span class='ocrx_word' id='word_1_244' title='bbox 1351 4487 1358 4503; x_wconf 95' lang='grc'><strong><em>.</em></strong></span> 
     </span>
    </p>
   </div>
   <div class='ocr_carea' id='block_1_9' title="bbox 0 0 2260 5875">
    <p class='ocr_par' dir='ltr' id='par_1_11' title="bbox 0 0 2260 5875">
     <span class='ocr_line' id='line_1_32' title="bbox 0 0 2260 5875; baseline 0 6"><span class='ocrx_word' id='word_1_245' title='bbox 0 0 2260 5875; x_wconf 95' lang='lat' dir='ltr'><strong> </strong></span> 
     </span>
    </p>
   </div>
  </div>
 </body>
</html>
