4509 5875
882 653 1086 726 onsrro.
1606 678 1671 730 ιω

310 833 506 917 lebsntnr.
535 831 616 914 Sed
640 846 702 916 est
716 831 837 914 nobis
852 833 1025 916 alterum
1045 860 1095 954 εξ
1111 832 1223 920 binis
1245 836 1325 918 illis
1350 833 1604 943 eligendum
1631 852 1680 917 ut

308 961 394 1039 sire
417 957 590 1038 aliorum
609 957 674 1036 isti
693 956 995 1064 reprehensioni
1014 957 1094 1042 nos
1111 957 1301 1046 lubenter
1323 986 1590 1070 exponamus,
1611 974 1682 1040 ant

307 1081 491 1185 muneri,
515 1107 598 1192 quo
622 1077 724 1158 nihil
745 1077 865 1158 nohis
891 1105 977 1164 esse
995 1085 1169 1164 sanctius
1187 1083 1327 1188 debet,
1342 1109 1509 1192 prorsus
1528 1109 1678 1168 renun-

309 1231 471 1284 cremus.

466 1395 601 1505 Atque
627 1390 708 1492 bys
738 1391 906 1505 quidem
930 1391 1152 1476 hactenus!

361 1582 473 1667 Nihil
490 1601 629 1688 restat,
652 1583 781 1698 'quam
803 1602 851 1666 ut
872 1585 1006 1681 robis,
1031 1583 1247 1668 Curatores
1261 1585 1551 1666 illustrissimi!
1571 1604 1682 1668 aestu·

308 1708 598 1821 matissimique
612 1707 786 1815 Collegae
800 1711 1251 1820 gratias,qrrasposoum
1260 1709 1683 1817 maximas‚agampro

309 1831 580 1938 indulgentis,
607 1834 651 1911 in
672 1857 754 1940 qua
777 1833 919 1942 saepius
944 1831 1045 1912 mihi
1065 1849 1151 1914 erat
1175 1831 1528 1944 aequiesoendum‚
1545 1850 1587 1911 et
1606 1857 1683 1940 pro

309 1951 633 2062 prudentissimis
653 1953 853 2054 consiliis,
882 1954 1034 2066 quibus
1065 1954 1110 2035 in
1139 1981 1309 2042 munere
1336 1953 1576 2034 difficillimo
1608 1980 1682 2060 per

310 2078 491 2184 primum
508 2075 617 2158 huuc
643 2102 797 2158 annum
816 2076 1008 2158 obeundo
1030 2076 1221 2187 adjurare
1239 2105 1307 2157 me
1326 2075 1522 2158 voluistis.

346 2267 492 2349 robis
521 2296 704 2380 quoque,
727 2269 870 2378 optimi
891 2267 1073 2378 juvenes,
1104 2291 1196 2376 spes
1219 2268 1356 2373 patriae
1380 2278 1423 2344 et
1442 2282 1686 2372 parentum,

310 2390 383 2500 qui
400 2390 480 2466 hoe
506 2419 613 2468 anno
645 2390 727 2494 jam
753 2390 968 2468 nobiscum
995 2392 1089 2468 ostis
1117 2389 1290 2492 versati,
1316 2401 1476 2494 gratam
1503 2389 1686 2470 animum

309 2509 505 2590 testificor
533 2517 609 2619 pro
635 2535 772 2588 amore
790 2525 832 2589 et
859 2511 983 2590 animi
1009 2508 1250 2614 affectione,
1272 2537 1353 2620 qua
1379 2537 1455 2590 nos
1484 2513 1580 2590 estis
1598 2538 1689 2620 pro·

193 2638 197 2646 ’
309 2633 456 2736 secuti,
481 2659 572 2742 pro¹
589 2631 936 2741 obtemperantia,
965 2659 1088 2743 quam
1118 2630 1277 2739 legibus
1309 2632 1565 2741 prostitutis,
1589 2661 1688 2744 quo-1

311 2759 550 2865 tiescunque
569 2783 637 2836 eas
666 2757 710 2834 in
727 2755 909 2834 animum
927 2755 1045 2837 robis
1067 2782 1256 2838 revocare
1274 2754 1483 2836 debebam.
1512 2755 1688 2839 Abunde
1733 2759 1740 2773 ’

311 2879 412 2961 mihi
442 2878 750 2988 comprobastis,
774 2878 819 2959 in
832 2875 1009 2960 consiliis
1029 2894 1070 2958 et
1102 2877 1471 2983 exhortationibus,
1488 2880 1615 2960 immo
1642 2881 1686 2960 in

312 3005 410 3109 ipsis
418 3008 679 3111 poenis‚quas
689 3002 874 3107 quamvis
888 3000 1088 3081 rarissime
1099 3002 1373 3108 pronunciare
1381 3018 1545 3079 coactus
1562 3028 1689 3104 eram,
1825 3104 1828 3109 Ι

313 3150 386 3202 vos
415 3122 584 3203 nonnisi
624 3116 950 3199 ardentissimum
979 3146 1117 3201 meum
1150 3122 1385 3227 cognovisse
1414 3120 1688 3227 desiderium,

314 3245 457 3324 vestris
483 3239 606 3320 rebus
632 3238 895 3340 inserviendi,
921 3240 1120 3349 vobisque
1155 3244 1428 3351 quantumin
1459 3272 1526 3325 me
1555 3263 1687 3349 esset,

316 3368 460 3448 futurre
482 3362 677 3443 ielicitatis
704 3368 812 3443 viam
832 3362 1053 3442 muniendi.
1072 3362 1190 3471 Rogo
1214 3391 1311 3467 ros,
1337 3382 1385 3444 ut
1410 3366 1573 3471 eadem,
1606 3396 1689 3478 qua

317 3488 490 3601 coepistis
516 3486 671 3566 ratione
703 3485 804 3565 etin
828 3501 1038 3593 posterum
1057 3488 1248 3595 pergatis,
1278 3508 1511 3596 persuasum
1534 3489 1686 3571 haben·

317 3630 398 3715 tes‚
427 3606 744 3721 necquidquam
773 3634 839 3688 me
871 3635 957 3689 esse
975 3608 1285 3715 neglecturum,
1319 3635 1404 3718 quo
1435 3607 1577 3691 studiis
1597 3638 1685 3690 ves„

318 3738 390 3815 tris
417 3751 458 3814 et
483 3734 602 3815 saluti
632 3732 784 3842 optime
810 3731 1021 3815 consulere
1050 3734 1213 3841 possim.

929 4014 1083 4095 DIXI.
