4509 5875
611 635 656 706 50
844 624 1089 698 GUlLlELMl
1116 623 1216 694 CAR.
1241 619 1359 689 vlct.
1385 616 1485 686 VAN
1507 614 1602 685 DEN
1626 611 1747 682 Data

669 829 830 913 Scilicet
857 819 1087 918 sciendum,
1116 818 1340 925 antiquitus
1360 813 1580 893 admissum
1602 807 1741 908 fuisse,
1763 822 1811 889 ut
1834 823 1981 887 tutores

618 973 658 1032 et
682 964 907 1040 curatores,
930 941 974 1020 in
1001 939 1124 1017 rebus
1142 935 1394 1043 pupillorum
1411 958 1580 1012 suorum
1604 947 1647 1010 et
1668 931 1876 1009 minorum
1894 955 1985 1007 con·

619 1072 840 1164 trahentes,
869 1089 942 1144 res·
959 1060 1078 1140 etiam
1106 1055 1338 1136 immobiles
1360 1057 1431 1134 sud
1452 1053 1688 1132 auctoritate
1706 1051 1883 1131 alienare
1905 1076 1991 1159 pos

614 1206 724 1289 sent,
757 1191 811 1268 ite
844 1203 997 1279 umen,
1030 1194 1077 1258 ut
1110 1176 1277 1287 pupillis
1309 1191 1350 1255 et
1374 1173 1604 1254 minoribus
1627 1174 1831 1253 restitutio
1861 1174 1906 1252 in
1936 1172 1993 1250 in·

613 1309 791 1420 aegrum,
814 1309 847 1388 si
870 1305 950 1386 laesi
973 1317 1124 1399 essent,
1145 1314 1403 1407 competeret.
1429 1301 1504 1378 Ast
1521 1295 1595 1377 ubi
1620 1311 1876 1405 compertum
1897 1292 1990 1396 luit,

613 1436 756 1544 saepius
775 1431 1027 1534 contingere,
1044 1441 1091 1501 ut
1107 1439 1266 1500 tutores
1285 1420 1353 1500 vel
1370 1436 1574 1499 curatores
1590 1421 1806 1526 pecuniam
1824 1445 1874 1496 ex
1894 1416 1990 1494 alie·

610 1559 775 1636 natione
797 1551 1000 1630 redactam
1020 1543 1177 1622 facilius
1191 1539 1434 1644 dissiparent
1443 1556 1486 1616 et
1495 1543 1550 1616 ita
1562 1536 1993 1616 minoribusdamnum

617 1701 704 1754 non
724 1669 934 1750 modicum
953 1661 1187 1756 afferretur3
1206 1675 1255 1738 ut
1272 1658 1401 1764 magis
1422 1658 1631 1767 magisque
1648 1655 1814 1765 pupillis
1833 1654 1992 1735 consul·

618 1811 707 1873 tum
726 1789 847 1889 foret,
866 1784 1071 1881 oratione,
1092 1810 1215 1894 quam
1241 1781 1436 1886 diximus,
1452 1785 1675 1891 Imperator
1692 1780 1864 1860 Severus
1882 1795 1992 1859 tuto-

618 1891 733 1994 ribus
750 1927 790 1990 et
811 1906 1064 1988 curatoribus
1081 1905 1311 2014 prohibuit,
1332 1933 1384 1985 ne
1403 1905 1654 2014 pupillorum
1671 1899 1824 2010 praedia
1844 1903 1993 1980 rustica

621 2035 685 2114 vel
703 2029 938 2112 suburbana
960 2025 1245 2134 distraherent,
1270 2031 1348 2108 nisi
1370 2031 1484 2138 prius
1507 2029 1762 2135 magistratus
1785 2025 1993 2106 decretum

621 2155 910 2234 intervenisset.

675 2395 755 2472 Res
777 2409 913 2468 autem
937 2381 1110 2464 mobiles
1137 2399 1180 2462 et
1199 2382 1351 2490 praedia
1376 2381 1532 2463 urbana
1552 2384 1625 2462 snei
1647 2385 1883 2465 auctoritate
1902 2388 1997 2466 alie·

624 2539 719 2598 nare
737 2527 892 2592 tutores
911 2525 952 2586 et
971 2523 1177 2586 curatores
1187 2504 1321 2586 adbuc
1332 2523 1533 2615 poterant,
1547 2505 1642 2617 quia
1652 2533 1796 2586 eorum
1807 2506 1997 2587 alienatio

627 2635 806 2716 oratione
834 2632 928 2712 Divi
954 2631 1091 2709 Severi
1124 2656 1209 2710 non
1236 2628 1314 2710 fuit
1336 2630 1565 2738 probibita3
1584 2647 1877 2738 posteatarnen
1900 2657 1999 2739 prae·

628 2757 791 2838 diorum
815 2753 1067 2836 urbanorum
1089 2779 1255 2864 quoque
1278 2756 1340 2832 uti
1360 2771 1401 2834 et
1421 2754 1595 2834 aliorum
1613 2753 1796 2834 alienatio
1816 2755 1912 2862 ipsis
1931 2754 1998 2833 in-

627 2877 810 2979 terdicta,
820 2878 915 2987 quia
925 2874 1176 2985 pupillorum
1193 2873 1412 2987 commodo
1424 2872 1638 2957 videbatur
1646 2903 1760 2987 aeque
1774 2877 1997 2958 contraria:

628 2998 739 3081 unde
752 2998 918 3078 tandem
937 2998 1204 3079 Constantino
1220 3002 1445 3097 imperante
1464 3000 1657 3097 invaluit,
1677 3029 1730 3072 ne
1750 3027 1815 3074 rcs
1832 3000 1915 3075 ulla
1930 3002 2000 3076 im·

628 3120 791 3199 mobilis
821 3122 907 3196 sine
936 3118 1100 3196 decreto
1127 3114 1382 3221 magistratus
1402 3142 1425 3193 a
1447 3115 1654 3195 tutoribus
1679 3133 1721 3195 et
1741 3118 1997 3200 curatoribus

620 3239 791 3335 alienari
809 3252 947 3343 posset
966 3238 981 3342 (
1007 3237 1033 3339 ).

677 3462 757 3546 Sed
776 3464 1010 3543 constitutio
1030 3462 1113 3543 haec
1130 3490 1215 3543 non
1233 3462 1334 3546 adeo
1358 3461 1554 3571 generalis
1574 3480 1650 3564 est,
1669 3481 1715 3545 ut
1742 3470 1998 3575 exceptiones

627 3584 756 3667 nullas
773 3585 964 3694 patiatur;
979 3612 1073 3667 nam
1091 3586 1135 3666 in
1156 3586 1243 3696 ipsa
1255 3587 1350 3665 Divi
1368 3587 1506 3667 Severi
1521 3588 1700 3667 oratione
1718 3586 1903 3668 videmus
1922 3588 1993 3669 de-

628 3723 785 3788 cretum
794 3738 878 3791 non
890 3712 1044 3821 requiri
1054 3711 1343 3818 praetoris,uta
1356 3708 1561 3791 tutoribus
1570 3709 1634 3791 vel
1650 3710 1902 3791 curatoribus
1915 3739 1994 3823 pu·

628 3820 822 3939 pillorum
834 3860 897 3912 res
915 3832 1284 3916 immobilesvalide
1301 3830 1548 3931 alienentur,
1564 3834 1599 3913 si
1617 3850 1666 3912 ut
1677 3833 1863 3914 alienatio
1880 3833 1995 3920 fieret

632 3950 870 4035 testamento
880 3954 944 4031 vel
959 3952 1156 4039 codicillis
1168 3973 1355 4066 parentes
1367 3958 1642 4056 caverint,aut
1655 3958 1762 4037 sires
1769 3959 1997 4039 communis

631 4070 682 4147 sit
704 4070 746 4151 'et
768 4077 899 4156 socius
921 4073 971 4156 ad
997 4073 1237 4155 divisionem
1262 4096 1464 4184 provocet.
1495 4078 1617 4177 Illud,
1644 4081 1738 4188 quia
1761 4080 1995 4187 parentibus

629 4193 842 4270 maximam
865 4224 949 4277 esse
979 4225 1114 4278 curam
1133 4198 1241 4303 leges
1263 4218 1532 4305 praesumunt,
1551 4217 1597 4281 ut
1620 4199 1732 4312 quod
1752 4200 1891 4281 liberis
1913 4202 1994 4281 suis

674 4438 725 4527 (r)
746 4438 781 4505 li.
799 4458 841 4503 aa
863 4437 945 4503 Cod.
966 4440 1008 4506 de
1030 4443 1116 4509 adm.
1133 4459 1192 4510 tut.
