4509 5875
577 657 583 672 ·
619 617 666 700 52
861 623 1101 697 GUIIIELMI
1125 625 1226 696 cult
1245 627 1362 698 VICT.
1381 626 1477 698 VAN
1500 625 1595 697 DEN
1617 627 1739 697 DALE

616 826 699 905 suis
718 847 836 932 posse
854 847 942 900 rem
961 821 1123 927 pignora
1113 819 1276 902 datam
1289 821 1484 922 vendere,
1496 819 1979 930 venditarqredominium

541 969 547 982 '
616 945 852 1048 transferre,
876 941 973 1052 quia
1002 941 1154 1019 scilicet
1178 967 1228 1018 ex
1255 955 1462 1019 contractu
1494 941 1679 1046 pignoris
1709 941 1981 1023 manifestatur

616 1071 803 1150 voluntas
830 1064 1025 1148 debitoris
1048 1062 1242 1164 volentis,
1269 1078 1317 1140 ut
1344 1060 1521 1140 creditor
1545 1089 1632 1142 rem
1659 1063 1824 1169 pignori
1853 1064 1984 1146 datam

618 1191 827 1288 venderet,
851 1201 944 1266 cum
968 1184 1153 1265 debitum
1182 1209 1269 1261 non
1294 1183 1540 1280 solveretur3
1572 1199 1613 1262 et
1639 1209 1783 1263 verum
1803 1186 1884 1265 hoc
1905 1203 1985 1288 est,

615 1316 699 1394 sive
718 1311 912 1420 expressis
929 1309 1092 1392 verbis
1081 1334 1126 1388 ιιι
1146 1306 1424 1388 venditionem
1435 1307 1494 1386 rei
1512 1307 1674 1415 pignori
1698 1307 1798 1387 datae
1818 1301 1984 1389 debitor

615 1434 882 1533 consenserit,
908 1432 991 1508 sive
1022 1428 1073 1508 de
1101 1426 1317 1506 vendendi
1342 1455 1387 1506 re
1414 1426 1474 1504 nil
1497 1426 1654 1506 dixerit.
1676 1429 1756 1507 Sed
1778 1429 1983 1536 numquid

612 1555 700 1634 fieri
723 1571 870 1660 potest,
885 1567 1035 1628 utrem
1052 1551 1231 1685 pignori
1200 1546 1370 1626 dando
1390 1547 1553 1626 debitor
1564 1549 1701 1627 verbis
1715 1577 1882 1660 quoque
1900 1580 1988 1631 non

616 1675 754 1754 dubiis
781 1671 972 1751 creditori
997 1695 1072 1748 suo
1102 1669 1162 1746 rei
1190 1665 1353 1774 pignori
1382 1666 1485 1746 datae
1514 1669 1791 1747 venditionem
1818 1673 1987 1752 omnino

617 1793 858 1904 probibeat?
885 1789 1068 1932 Quod
1037 1818 1071 1871 ιι
1103 1789 1193 1893 fiat,
1219 1791 1424 1898 poteritne
1442 1790 1525 1899 jam
1551 1788 1728 1870 creditor
1759 1793 1886 1872 invito
1912 1795 1985 1874 de·
1991 1897 1996 1906 ,

616 1916 750 1996 bitore
780 1941 867 1996 rem
896 1913 1058 2022 pignori
1086 1911 1219 1992 datam
1237 1911 1433 2015 vendere,
1459 1912 1668 1994 venditam
1689 1912 1869 2017 tradere,
1886 1943 1985 1995 ven-

616 2036 789 2148 ditaeque
817 2036 1046 2116 dominium
1069 2033 1309 2114 transferre?
1335 2037 1604 2144 Nequaquam
1633 2061 1751 2142 posse
1785 2061 1881 2115 euru
1906 2037 1986 2116 hoc

616 2157 743 2238 iacere
764 2159 1051 2253 existimamus,
1078 2157 1283 2264 quumvis,
1308 2174 1357 2235 ut
1384 2155 1466 2262 jam
1493 2157 1728 2261 diximus,
1717 2175 1986 2266 interpretum

616 2279 773 2385 seriptis
791 2277 1038 2356 contrarium
1055 2290 1246 2380 appareat
1264 2275 1334 2369 (ι).

670 2503 832 2582 Etenim
853 2515 1008 2580 certum
1029 2515 1107 2600 est,
1129 2495 1243 2607 quod
1268 2524 1354 2578 non
1376 2501 1504 2606 possit
1526 2500 1704 2583 creditor
1720 2531 1805 2584 rem
1822 2511 1984 2614 pignori

618 2624 750 2704 datam
764 2621 940 2702 vendere
958 2649 1010 2700 ea
1027 2619 1236 2700 voluntate
1253 2618 1461 2715 debitoris,
1476 2650 1569 2702 cum
1588 2624 1654 2705 hic
1670 2629 1737 2732 (ut
1752 2631 1983 2738 posuimus)

616 2747 730 2826 nullo
755 2744 879 2827 modo
907 2744 1097 2842 voluerit,
1121 2760 1169 2824 ut
1192 2771 1257 2824 res
1279 2745 1441 2852 pignori
1460 2745 1551 2828 data
1569 2749 1820 2832 venderetur.
1845 2755 1984 2856 Quare

616 2893 713 2975 ergo
741 2885 882 2949 contra
906 2865 1156 2947 manifestam
1181 2893 1490 2981 expressamque
1515 2869 1711 2954 debitoris
1732 2876 1983 2959 voluntatem

614 2991 806 3071 creditori
829 2990 936 3069 licita
962 2989 1143 3070 venditio
1164 3006 1287 3095 esset,
1305 3018 1429 3102 quam
1450 2991 1650 3073 debitor
1638 2999 1720 3093 ipsi
1743 2998 1981 3096 prohibuitt

613 3114 687 3193 Ast
698 3114 931 3221 ,inquiunt,
946 3114 997 3193 de
1020 3112 1190 3192 essentia
1202 3124 1430 3187 contractus
1448 3110 1636 3248 pignoris
1647 3128 1728 3211 est,
1748 3130 1796 3193 ut
1813 3143 1899 3197 rem
1916 3124 1980 3230 pi-

614 3260 732 3339 gnon
721 3230 883 3309 datam
903 3230 1081 3309 creditor
1099 3227 1275 3314 vendere
1288 3232 1435 3337 possit,
1451 3258 1485 3309 st
1476 3229 1691 3312 ''debitor
1679 3237 1755 3343 rpsi
1774 3266 1860 3320 non
1875 3247 1982 3325 satis·

615 3352 744 3457 iaciat,
770 3378 864 3431 cum
893 3352 1021 3432 alias
1009 3380 1054 3431 m
1076 3354 1245 3462 pignore
1264 3352 1411 3432 frustra
1437 3371 1642 3461 quaeratur
1666 3385 1733 3456 ea,
1756 3388 1877 3471 quam
1901 3366 1979 3446 sibi

614 3474 743 3555 voluit
762 3473 942 3559 creditor
970 3474 1157 3585 adquiri,
1176 3477 1377 3555 securitas.
1397 3475 1478 3555 Sed
1503 3476 1667 3575 falsum;
1691 3507 1867 3621 namque
1892 3516 1977 3567 non

591 3598 809 3679 ‘tantum
799 3625 841 3677 ιιι
864 3596 953 3704 jure
973 3594 1177 3678 vendendi
1208 3623 1295 3677 rem
1317 3598 1480 3703 pignori
1505 3597 1657 3700 datam,
1675 3600 1746 3679 sed
1771 3619 1812 3681 et
1827 3606 1975 3713 injure

615 3744 706 3799 eam
722 3720 923 3802 retinendi
943 3748 1071 3861 usque
1092 3718 1144 3799 ad
1162 3720 1347 3800 ultimam
1368 3719 1625 3823 solutionem,
1642 3740 1684 3802 et
1703 3724 1852 3833 injure
1863 3756 1975 3843 qno-

615 3868 696 3951 que
726 3842 824 3923 reali
852 3844 1033 3950 pignoris
1055 3844 1247 3924 securitas
1270 3841 1482 3923 creditoris
1498 3844 1687 3925 consistit.

669 4068 796 4169 Igitur
813 4069 872 4150 nil
891 4070 1082 4180 impedit,
1098 4074 1319 4181 quominus
1332 4075 1581 4182 concipiatur
1591 4090 1816 4157 contractus
1835 4081 1978 4189 pigno-

590 4266 596 4275 .
617 4209 691 4289 rls
704 4213 747 4262 ln
758 4216 841 4295 quo
851 4194 1042 4275 credrtorr
1055 4210 1262 4275 recusetur
1270 4221 1336 4302 Jus
1348 4196 1572 4297 vendendr
1588 4215 1629 4279 et
1641 4226 1833 4310 quomam
1850 4204 1976 4304 credi-

660 4438 709 4531 (ι)
725 4442 853 4509 nossa.
865 4440 941 4511 inst.
958 4448 1046 4515 ds
1013 4472 1163 4540 pignore.
1178 4450 1368 4519 Μιιιιιιιιιιι
1384 4449 1421 4519 ii.
1435 4452 1506 4520 lib.
1525 4454 1575 4523 ri.
1597 4456 1661 4526 'iit
1683 4481 1723 4547 7,
1742 4470 1758 4537 ς
1776 4460 1794 4527 3
1814 4474 1875 4529 ete.
