4509 5875
591 553 639 627 36
986 548 1156 621 canon
1180 542 1378 616 suonam
1400 544 1572 617 manaa

591 735 647 816 ris
668 734 760 813 vitm
786 725 985 807 industria
1007 724 1225 823 bominum
1246 741 1481 833 paraveram
1512 740 1643 835 ‘atque
1669 726 1873 837 antiquam
1894 727 1965 809 de·

591 883 677 936 nuo
703 852 772 931 illa
806 863 995 927 naturam
1023 844 1191 947 obtulit,
1218 845 1350 927 donec
1380 846 1446 927 vel
1469 846 1634 951 Franci,
1658 847 1968 957 praedationibus

592 972 741 1072 satiati,
765 970 1060 1050 mansuetiores
1080 966 1185 1070 fieri,
1203 966 1336 1049 &mas
1357 968 1480 1077 figere
1499 969 1776 1074 sedes,terras
1799 998 1969 1081 occupa-

594 1112 656 1177 tas
680 1119 754 1202 per
784 1108 917 1199 partes
943 1089 1208 1193 distribuere,
1231 1116 1437 1202 pagosque
1457 1090 1541 1201 jam
1561 1120 1656 1172 suos
1683 1092 1817 1174 colere
1840 1120 1971 1203 cospe-

449 1249 454 1259 ·
595 1233 694 1299 runt
725 1232 847 1327 atque
875 1214 1090 1295 Austrasiae
1126 1212 1403 1323 Neuatrioeque
1430 1240 1555 1316 regna
1582 1218 1814 1311 currerem
1846 1217 1972 1325 inque

597 1337 677 1419 illis
695 1353 894 1442 etpax,et
911 1335 1045 1442 quies,
1057 1333 1136 1433 lex,
1153 1333 1372 1441 formasque
1382 1332 1558 1437 aptiores
1568 1339 1776 1439 regiminis
1786 1354 1973 1445 artesque

599 1456 862 1540 humaniores
880 1478 975 1532 cum
994 1478 1101 1534 nora
1116 1450 1313 1557 religione
1327 1450 1578 1533 oriebantur.

1209 1664 1242 1759 ¹§
1264 1660 1358 1743 XX.

655 1862 751 1945 Duo
774 1860 932 1941 circiter
958 1877 1054 1968 post
1081 1858 1334 1939 Francorum
1360 1856 1582 1939 adrentum
1614 1861 1756 1941 saecula
1786 1888 1892 1943 nora
1919 1862 1982 1944 his

604 1985 723 2066 terris
747 1981 818 2061 lux
839 1980 1064 2083 oriebatur,
1090 2008 1181 2091 quae
1207 1999 1249 2062 et
1279 2007 1415 2061 mores
1446 1980 1661 2063 hominum
1693 1998 1735 2061 et
1760 1988 1984 2092 pracsertim

607 2103 890 2215 agriculturam
915 2102 1091 2183 mirabili
1118 2101 1243 2209 modo
1268 2100 1552 2211 perfundebat.
1580 2105 1786 2184 Nimirum
1814 2106 1982 2187 Monar-

609 2232 710 2309 tcrr'a
738 2243 781 2306 et
806 2224 999 2305 Abbatr'oe
1017 2224 1175 2334 ubique
1188 2226 1241 2304 *in
1267 2222 1332 2303 bis
1358 2225 1477 2304 terris
1504 2240 1605 2304 ortas
1627 2226 1834 2305 mitiorem
1849 2226 1984 2308 homi-

608 2351 735 2431 nibus
753 2369 867 2459 aeque
893 2373 939 2426 ac
958 2346 1066 2454 agris
1082 2362 1268 2427 naturam
1280 2344 1472 2428 lecerunt
1488 2353 1533 2427 ac
1553 2347 1722 2430 cerealia
1740 2348 1851 2429 bona
1867 2351 1985 2432 simul

612 2497 706 2551 cum
719 2469 917 2575 religione
931 2484 973 2547 et
987 2468 1126 2576 legum
1138 2470 1369 2550 reverentia
1388 2487 1621 2578 sparserunt
1641 2488 1763 2581 atque
1785 2499 1878 2553 mox
1901 2498 1984 2553 ma-

604 2618 735 2699 ¹gnam
754 2590 820 2671 vel
847 2592 891 2673 in
919 2613 1097 2673 summas
1118 2616 1185 2673 res
1202 2590 1406 2699 gerendas
1431 2594 1810 2676 vimcxercucrunt
1884 2686 1889 2693 ,

1215 2800 1626 2889 m..

669 2995 745 3075 ast
764 2987 894 3070 felicia
920 2987 1005 3072 hacc
1022 2987 1238 3096 Belgarum
1257 2990 1394 3092 initia,
1421 2991 1584 3098 egregia
1608 2988 1676 3073 illa
1697 2989 1990 3105 Monochomm

613 3116 663 3195 'in
689 3109 860 3195 colendo
886 3111 1040 3223 populo
1064 3139 1162 3191 cura
1190 3112 1320 3220 posita
1335 3172 1347 3214 ,
1365 3111 1477 3192 nullo
1494 3130 1618 3222 ¹,pacto
1631 3113 1836 3224 gprofieerc
1850 3117 1992 3224 ,potuit

620 3235 699 3316 sub
728 3233 922 3316 imbecilli
953 3233 1046 3338 illo,
1086 3230 1199 3344 quod
1234 3259 1332 3330 mox
1368 3231 1710 3345 subsequebatur,
1737 3239 1991 3316 Francorum

614 3383 764 3463 regum
797 3358 995 3464 imperio;
1024 3355 1098 3438 ubi
1129 3353 1326 3460 regnandi
1356 3355 1504 3464 cupido
1540 3359 1992 3466 Optimatum,st1ucta

622 3479 742 3585 regiae
765 3480 955 3586 potestati
974 3475 1282 3584 impedimenta,
1299 3493 1439 3556 mutua
1461 3479 1539 3583 vis,
1559 3477 1690 3558 civilia
1706 3479 1835 3583 bella,
1850 3507 1994 3590 resque

625 3618 667 3681 et
688 3600 902 3681 interiores
921 3627 968 3678 ac
988 3599 1210 3679 exteriores
1232 3599 1406 3705 maxime
1423 3599 1673 3682 fluctuantes
1701 3604 1745 3682 in
1769 3600 1994 3682 anarcbiam

625 3738 834 3804 uerterunt
857 3723 1054 3802 miserum
1076 3720 1271 3827 Belgium.
1359 3735 1361 3742 ’

1056 3890 1061 3903 ’
1209 3928 1247 4024 a
1270 3922 1402 4004 xxn.

674 4137 850 4221 Hoc'im
873 4130 1144 4252 perseverarit
1164 4133 1222 4219 'ad
1244 4168 1408 4222 nonum
1425 4169 1564 4254 usque
1582 4137 1801 4243 saeculum,
1827 4137 1909 4238 ubi¹
1919 4137 1997 4248 jam

629 4257 789 4366 pridem
798 4278 839 4340 et
856 4260 928 4344 diu
950 4279 1175 4375 praeparatae
1195 4281 1715 4378 tempestatesnovaeatque
1732 4263 1819 4344 aliis
1838 4259 1999 4371 quibus-

629 4380 692 4460 vis
708 4380 990 4492 terribiliores,
1010 4390 1310 4497 ingravescente
1332 4382 1998 4488 continuointeriori.morbo,‹bas
