4509 5875
784 601 1148 676 aratroruuon.
1586 608 1633 706 ³7

270 767 535 872 necessariuiu
560 780 631 877 sit,
656 797 703 858 ut
731 779 929 888 ejusmodi
958 808 1082 889 opera
1106 783 1151 861 in
1174 781 1370 865 habendis
1394 784 1636 870 lectionibus

267 902 501 982 auditorum
519 899 645 981 oculis
661 900 945 1010 subjiciantur,
965 902 1193 984 exhibenda
1210 904 1277 985 illa
1285 907 1468 1016 quidem3
1486 889 1652 1011 sed.‚·ai'

266 1026 541 1132 praelectiones
569 1025 612 1104 in
645 1022 789 1103 eodem
817 1025 860 1103 in
890 1050 973 1132 quo
1001 1024 1251 1106 Bibliotheca
1276 1046 1338 1108 est
1365 1030 1532 1114 aedificio
1563 1034 1634 1113 ha·

265 1146 438 1250 bantur,
457 1151 591 1226 statim
615 1163 708 1252 post
734 1171 799 1222 eas
824 1145 974 1244 finitas,
997 1145 1060 1224 sin
1083 1149 1240 1250 minus,
1259 1147 1401 1230 saltem
1421 1153 1524 1234 intra
1543 1183 1634 1262 sep·

250 1272 421 1361 „timanae
450 1270 625 1377 spatium
638 1257 894 1375 ‘reportanda
919 1282 1024 1349 sunt.
1080 1275 1083 1280 '

874 1439 1030 1543 §vlu
1070 1529 1073 1537 ,

320 1619 621 1702 Professoribus
638 1633 907 1716 tantum‚non
926 1614 1125 1696 Studiosis
1145 1615 1319 1696 liberum
1331 1636 1392 1698 est
1410 1623 1453 1700 iu
1474 1627 1635 1705 conclu-2

266 1745 332 1822 via
362 1741 437 1823 ubi
472 1740 569 1821 libri
601 1754 853 1820 asservantur
885 1739 1060 1839 intrare,
1090 1737 1299 1848 librosque
1329 1740 1408 1824 sibi
1437 1769 1460 1822 e
1488 1734 1636 1852 pluteis

269 1891 440 1944 sumere.
466 1862 645 1944 Studiosi
667 1889 753 1946 nou
786 1861 864 1940 nisi
893 1857 1072 1942 Custode
1096 1861 1244 1939 comite
1271 1862 1420 1968 singuli
1448 1881 1518 1945 aut
1548 1867 1636 1946 bini

265 2003 436 2098 possunt
462 1987 637 2088 intrare,
664 2010 740 2065 nec
766 2000 902 2064 umen
932 1980 1058 2061 libros
1084 1982 1343 2064 extraheres
1375 1986 1536 2068 scriniis
1566 2007 1637 2068 aut

267 2109 463 2191 evolvere.
487 2136 490 2145 ·
648 2126 651 2144 '

880 2213 913 2310 .§
940 2210 1009 2288 lx.

320 2407 405 2509 Qui
424 2403 552 2483 libros
578 2402 628 2482 ad
652 2397 949 2507 excerpendum
976 2415 1046 2476 aut
1066 2397 1117 2493 ad
1147 2379 1363 2504 legendum
1387 2355 1631 2509 desiderant,
1664 2472 1671 2491 .

194 2521 199 2536 '
266 2532 312 2608 in
339 2525 527 2606 conclave
553 2523 789 2633 particulare
814 2517 866 2600 ad
896 2516 939 2598 id
966 2517 1210 2604 destinatum
1231 2548 1274 2600 se
1303 2522 1533 2626 conferant,
1561 2529 1634 2610 ubi

269 2651 416 2734 Custos
444 2665 602 2757 promte
633 2663 674 2726 et
700 2641 886 2753 expedite
911 2640 1003 2721 illos
1032 2640 1318 2759 suppeditabit
1356 2693 1360 2701 ·
1467 2693 1472 2707 ·

902 2817 1026 2919 §xv

116 3030 123 3039 ·
257 2956 259 2961 ¹
319 2999 432 3080 Idem
467 2998 572 3077 valet
602 2950 653 3077 de
684 2990 943 3074 Bibliotheca
977 2988 1180 3094 Catalogis
1217 2993 1385 3094 omuino
1421 2994 1634 3102 absolutis,

266 3148 371 3232 quos
402 3119 630 3244 unicuique·
656 3113 709 3194 ad
736 3110 1034 3221 inspiciendum
1062 3111 1255 3192 exhihere
1291 3114 1436 3195 Custos
1462 3134 1635 3200 tenetur.

889 3303 1010 3400 §XL

320 3486 431 3565 Inter
449 3478 667 3588 legendum
685 3473 852 3581 singulis
871 3500 1077 3553 summum
1094 3474 1302 3557 silentium
1319 3494 1380 3559 est
1396 3482 1636 3583 tenendum,

248 3634 401 3718 'neque
429 3599 700 3712 colloquendo
722 3614 790 3678 aut
812 3594 1114 3676 obambulando
1134 3597 1313 3704 legentes
1335 3600 1635 3683 turbandisunt
1657 3625 1681 3708 Ἰ

882 3793 909 3889 s
935 3785 1023 3865 xu.

324 3967 388 4049 Ad
407 3964 705 4073 excerpeuduru
723 3959 1045 4067 Studiosis'stylo
1068 3978 1289 4070 cerussam,
1306 3990 1390 4045 non
1411 3952 1634 4054 atramento

269 4092 464 4185 lieston,
492 4112 568 4170 asc
593 4086 728 4195 uharta
753 4083 868 4165 libris
898 4100 960 4163 est
980 4082 1241 4192 imponenda.

871 4268 897 4361 s
923 4258 1029 4339 x111.
1052 4377 1056 4384 ,

324 4456 489 4535 Summa
516 4451 687 4531 omnino
722 4473 818 4529 cura
847 4463 907 4525 est
944 4446 1192 4551 adhibenda,
1221 4469 1267 4533 ut
1296 4452 1392 4533 libri
1420 4456 1567 4564 integri
1597 4476 1639 4536 et
